3098 5534
101 354 386 433 urstisiana]
420 353 660 418 PRINCIPIA
684 351 1054 419 MATHEMATICA.
1325 363 1385 420 135

100 526 158 591 Sin
180 545 293 608 corpus
309 547 328 586 a
341 524 372 586 vi
386 522 438 587 ills
461 536 609 611 urgeatur
630 523 736 601 levius,
761 522 936 587 differentia
957 520 1070 586 virium
1092 542 1151 606 pro
1166 522 1197 585 vi
1212 522 1384 610 centrisugd

97 632 204 696 haberi
220 631 322 695 debet.

142 744 241 805 Corol.
257 749 287 804 9.
334 737 415 803 cum
431 751 534 803 autem
560 740 656 804 fluida
676 740 848 824 premendo
873 762 1005 824 corpora
1026 740 1146 805 inclusa
1169 762 1234 803 non
1263 752 1385 805 mutent

96 868 205 912 eorum
228 847 345 932 figuras
371 858 526 922 externas,
555 860 643 932 patet
668 847 795 931 insuper
820 852 889 931 (per
914 846 1123 911 corollarium
1149 847 1245 931 Prop.
1269 846 1383 926 XIX)

95 953 181 1040 quod
195 974 260 1015 non
274 951 439 1015 mutabunt
460 953 554 1016 situm
575 955 711 1037 partium
731 955 925 1017 internarum
946 955 1027 1018 inter
1048 977 1100 1018 se:
1126 956 1331 1041 proindeque,
1355 958 1383 1019 si

95 1062 239 1126 animalia
258 1062 491 1148 immergantur,
519 1074 551 1126 et
573 1063 707 1126 sensatio
728 1063 828 1125 omnis
851 1087 870 1127 a
891 1078 979 1128 motu
1000 1066 1136 1148 partium
1158 1066 1293 1142 oriatur3
1320 1086 1380 1129 nec

93 1172 210 1237 laedent
225 1194 357 1255 corpora
370 1172 525 1249 immersa,
542 1195 600 1236 nec
615 1174 821 1236 sensationem
836 1173 931 1236 ullam
946 1174 1137 1250 excitabunt,
1153 1174 1213 1237 nisi
1227 1173 1380 1259 quitenus

93 1281 162 1343 haec
178 1301 311 1363 corpora
324 1302 342 1342 a
358 1279 586 1362 compressione
609 1278 793 1343 condensari
806 1292 945 1362 possunt.
993 1279 1036 1343 Et
1050 1302 1108 1363 par
1123 1293 1170 1344 est
1182 1280 1262 1344 ratio
1278 1282 1380 1365 cujus·

94 1407 217 1472 cunque
232 1407 400 1471 corporum
415 1385 589 1470 systematis
603 1385 700 1449 fluido
723 1385 946 1470 comprimente
969 1385 1151 1449 circundati.
1197 1388 1379 1472 Systematis
1443 1366 1446 1372 ⁴

92 1507 196 1580 partes
210 1516 318 1556 omnes
333 1491 444 1557 iisdem
459 1492 658 1579 agitabuntur
679 1491 825 1567 motibus,
849 1514 885 1555 ac
900 1492 927 1555 si
940 1492 973 1552 in
988 1514 1087 1555 vacuo
1108 1492 1377 1571 constituerentur,

93 1624 129 1663 ac
145 1601 241 1663 solam
255 1600 425 1663 retinerent
438 1599 622 1685 gravitatem
636 1621 724 1662 suam
739 1599 990 1681 comparativam,
1006 1598 1066 1661 nisi
1078 1597 1231 1683 quitenus
1244 1601 1377 1664 fluidum

93 1707 141 1773 vel
155 1707 290 1770 motibus
305 1727 412 1769 earum
425 1703 569 1768 nonnihil
589 1705 719 1781 resistat,
742 1704 792 1769 vel
807 1703 848 1768 ad
862 1703 987 1769 easdem
1003 1706 1232 1787 compressione
1246 1709 1377 1796 conglu-

96 1813 239 1879 tinandos
254 1812 438 1898 requiratur.

313 2030 596 2102 PROPOSITIO
619 2036 718 2100 XXI.
764 2033 1034 2099 THEOREMA
1061 2034 1155 2099 XVI.

91 2218 241 2303 Sitflaidi
261 2218 410 2300 enjsrsdam
432 2219 564 2281 densitas
584 2216 792 2297 compressioni
807 2208 1057 2295 proportionalis,
1076 2219 1105 2272 et
1113 2217 1220 2291 partes
1234 2208 1294 2292 rjus
1308 2231 1328 2271 a
1344 2212 1377 2274 vi

134 2326 299 2408 ceatrrpetd
314 2329 468 2390 distantiis
482 2328 542 2389 sais
555 2347 576 2386 a
590 2319 847 2404 centrorecrprocd
855 2322 1083 2403 proportionali
1098 2322 1232 2382 demmin
1247 2322 1373 2382 tradan-

132 2444 203 2495 tur:
226 2437 293 2495 dico
306 2436 394 2515 qnod,
417 2434 445 2495 si
459 2433 614 2495 distantia
629 2432 692 2492 illae
705 2438 860 2493 sumantur
874 2422 1011 2488 continue*
1024 2427 1277 2507 proportionales,
1302 2428 1374 2488 den·

132 2544 337 2628 sitatesflnidi
352 2543 385 2603 in
400 2543 503 2603 iisdem
518 2538 673 2601 distantiis
687 2544 775 2598 nant
789 2535 879 2597 etiam
894 2527 1031 2596 cantiani
1038 2531 1291 2614 proportionales.

134 2736 287 2822 Designet
298 2736 329 2798 A
339 2734 370 2797 Τ
380 2733 410 2794 V
419 2732 549 2822 fundum
561 2730 746 2814 sphaericum
756 2729 806 2792 cui
814 2727 943 2790 fluidum

88 2843 248 2920 incumbit,
267 2844 289 2906 S
304 2854 455 2918 centrum,
474 2841 552 2916 SA,
574 2838 596 2901 S
614 2839 651 2915 B,
671 2839 693 2902 S
709 2838 747 2913 C,
766 2836 844 2912 SD,
864 2837 886 2900 S
903 2835 943 2911 E,

91 2952 114 3013 S
142 2951 177 3026 F,
215 2953 272 3014 &c
310 2949 469 3014 distantias
506 2943 652 3009 continue
683 2940 940 3027 proportionales.

92 3055 262 3141 Erigantur
284 3053 507 3139 perpendicula
529 3053 560 3116 A
577 3052 623 3128 Η,
649 3051 677 3114 Β
697 3051 723 3127 Ι,
749 3049 777 3112 C
795 3049 836 3125 K,
853 3048 886 3110 D
903 3048 942 3124 L,

90 3161 184 3238 EM,
203 3163 229 3225 F
246 3163 287 3238 N,
311 3165 368 3227 &a
391 3184 461 3248 quae
477 3162 538 3225 sint
552 3173 587 3224 ut
603 3157 769 3220 densitates
795 3152 889 3216 medii
911 3153 944 3215 in

90 3269 164 3332 locis
180 3272 221 3346 A,
240 3270 277 3348 B,
296 3271 333 3347 C,
350 3270 394 3345 D,
413 3270 451 3345 E,
469 3268 512 3344 F3
536 3269 575 3351 (Β)
593 3280 625 3330 et
640 3264 793 3350 specificae
808 3261 942 3350 gravita

88 3414 299 3477 tesiniisdem
308 3414 384 3476 locis
395 3427 486 3476 erunt
497 3424 533 3476 ut
543 3371 638 3538 {lb-l,
670 3371 745 3537 ἒξ,
774 3369 863 3536 (ἐξ,
885 3409 942 3471 &a

625 3579 655 3641 A
669 3577 705 3641 Η
749 3576 778 3639 B
802 3576 818 3638 l
860 3575 937 3639 CK

625 3660 717 3743 Π
748 3659 830 3742 'E’C’
858 3658 946 3740 U'Ii’

87 3799 144 3861 &a
192 3798 290 3884 Finge
313 3794 450 3880 primdm
475 3793 532 3855 has
557 3790 725 3879 gravitates
748 3786 944 3850 uniformiter

86 3904 259 3967 continuari
275 3904 314 3966 ab
337 3903 368 3966 A
389 3901 429 3964 ad
447 3900 486 3976 B,
503 3924 522 3962 a
537 3899 566 3962 B
583 3899 622 3961 ad
640 3897 677 3973 C,
694 3919 713 3959 a
729 3895 864 3971 CadD,
880 3896 937 3958 &a

86 4010 173 4075 factis
183 4034 239 4094 per
250 4010 365 4096 gradus
378 4008 583 4072 decrementis
599 4007 631 4068 in
646 4004 771 4089 punctis
789 4003 826 4079 B,
844 4003 880 4077 C,
894 4002 938 4077 D,
1024 4000 1052 4046 T

88 3622 127 3707 (⁵)
150 3626 209 3701 vel,
234 3624 318 3710 quod
341 3622 471 3708 perinde
486 3634 543 3699 est,
567 3632 602 3683 ut

118 4185 152 4248 (ἢ
167 4190 218 4231 174.
239 4188 272 4233 Er
289 4187 396 4249 specifica
408 4187 536 4245 grauitater,
553 4185 595 4230 &a
633 4183 712 4231 Fluidi
743 4184 774 4230 tis
792 4183 939 4230 acceleratrix
955 4186 1112 4247 conjunctim
1130 4188 1246 4249 quantitas
1255 4188 1369 4241 rerdma.

85 4249 148 4296 en'un
166 4249 232 4309 cujus
250 4248 348 4309 singula·
365 4249 482 4308 particula
500 4249 523 4294 vi
539 4248 657 4310 gravitatis
672 4262 712 4294 ur·
744 4247 807 4294 terite
820 4252 854 4310 (2.
867 4247 920 4294 Lib.
932 4248 963 4307 1.)
975 4258 1046 4295 estut
1057 4249 1371 4304 densitasetvolumsncou·

84 4321 171 4374 gantur
186 4311 286 4373 gravitas
305 4312 412 4371 specifica
428 4322 462 4358 est
479 4321 507 4359 ut
522 4311 624 4358 denotas
639 4322 662 4358 et
678 4312 712 4358 vis
741 4311 851 4373 junctim.
889 4311 975 4367 Quard,
987 4314 1117 4375 conjunctis
1127 4316 1163 4362 his
1173 4318 1307 4376 rationibus,
1317 4336 1370 4382 gra-

85 4375 203 4437 gravitatis
225 4376 371 4421 acceleratrix
394 4376 546 4436 conjunctim.
582 4375 627 4421 Est
647 4375 712 4421 enirn
744 4375 803 4421 vitas
824 4374 930 4434 specifica
947 4387 980 4422 est
998 4385 1025 4422 ut
1046 4376 1145 4425 densitas
1162 4389 1186 4427 et
1203 4381 1235 4427 vis
1250 4384 1370 4445 gravitatis

85 4439 184 4512 pravitas
203 4438 310 4498 specifica
326 4447 353 4484 ut
368 4437 460 4497 pondus
470 4437 557 4485 directe
567 4448 591 4484 et
601 4438 711 4484 volumen
744 4438 890 4486 acceleratrix
901 4440 1051 4501 majuaetirn.
1088 4443 1120 4497 Q.
1133 4459 1153 4491 e.
1167 4444 1190 4491 d,

84 4502 271 4565 rmost(170);
295 4502 335 4549 aed
354 4502 445 4561 pondus
465 4505 517 4566 (per
535 4502 614 4549 Defin.
630 4502 708 4548 Vlll.
777 4502 813 4564 (θ)
832 4506 845 4532 ⁸
868 4504 907 4549 ret
928 4506 993 4565 ‘qaod
1006 4506 1103 4565 perinde
1119 4516 1159 4561 est,
1178 4517 1211 4561 at,
1229 4510 1271 4558 &a
1305 4510 1368 4560 Cdm

87 4565 133 4613 Lib
154 4566 189 4626 1.)
206 4575 241 4614 est
252 4576 278 4613 ut
288 4566 404 4628 quantitas
420 4566 522 4612 materia
533 4577 557 4613 et
568 4566 601 4612 ris
612 4564 711 4629 gravita-
744 4565 807 4613 enim
820 4569 872 4631 (par
883 4565 964 4628 Hyp.)
975 4565 1089 4617 distantia
1102 4570 1156 4627 SA,
1170 4573 1224 4630 SB,
1239 4574 1294 4634 sc,
1307 4577 1360 4625 sn
