<?xml version="1.0" encoding="UTF-8"?>
<!DOCTYPE html PUBLIC "-//W3C//DTD XHTML 1.0 Transitional//EN"
    "http://www.w3.org/TR/xhtml1/DTD/xhtml1-transitional.dtd">
<html xmlns="http://www.w3.org/1999/xhtml" xml:lang="en" lang="en">
 <head>
  <title>
</title>
<meta http-equiv="Content-Type" content="text/html;charset=utf-8" />
  <meta name='ocr-system' content='tesseract 3.04.00' />
  <meta name='ocr-capabilities' content='ocr_page ocr_carea ocr_par ocr_line ocrx_word'/>
</head>
<body>
  <div class='ocr_page' id='page_1' title='image "./philosophinatur01newtgoog/philosophinatur01newtgoog_0673.png"; bbox 0 0 3074 5520; ppageno 0'>
   <div class='ocr_carea' id='block_1_1' title="bbox 197 362 1487 447">
    <p class='ocr_par' dir='ltr' id='par_1_1' title="bbox 197 362 1487 447">
     <span class='ocr_line' id='line_1_1' title="bbox 197 362 1487 447; baseline -0.005 -12"><span class='ocrx_word' id='word_1_1' title='bbox 197 378 261 436; x_wconf 74' lang='lat'><strong>164</strong></span> <span class='ocrx_word' id='word_1_2' title='bbox 525 368 868 437; x_wconf 85' lang='lat' dir='ltr'><strong>PHILOSOPHIAE</strong></span> <span class='ocrx_word' id='word_1_3' title='bbox 890 366 1174 435; x_wconf 81' lang='lat' dir='ltr'>NATURALIS</span> <span class='ocrx_word' id='word_1_4' title='bbox 1232 362 1487 447; x_wconf 70' lang='lat' dir='ltr'><strong>[Morem</strong></span> 
     </span>
    </p>
   </div>
   <div class='ocr_carea' id='block_1_2' title="bbox 194 536 1535 1492">
    <p class='ocr_par' dir='ltr' id='par_1_2' title="bbox 194 536 1535 1492">
     <span class='ocr_line' id='line_1_2' title="bbox 194 536 1486 629; baseline -0.006 -19"><span class='ocrx_word' id='word_1_5' title='bbox 194 543 342 610; x_wconf 84' lang='lat' dir='ltr'><strong>infimum</strong></span> <span class='ocrx_word' id='word_1_6' title='bbox 357 541 504 629; x_wconf 87' lang='lat' dir='ltr'><strong>cycloidis</strong></span> <span class='ocrx_word' id='word_1_7' title='bbox 515 555 677 626; x_wconf 86' lang='lat' dir='ltr'><strong>punctum,</strong></span> <span class='ocrx_word' id='word_1_8' title='bbox 694 544 735 627; x_wconf 58' lang='grc' dir='ltr'><strong>(ὅ)</strong></span> <span class='ocrx_word' id='word_1_9' title='bbox 751 542 857 607; x_wconf 89' lang='lat' dir='ltr'><strong>eterit</strong></span> <span class='ocrx_word' id='word_1_10' title='bbox 873 541 946 607; x_wconf 81' lang='lat' dir='ltr'><strong>OD</strong></span> <span class='ocrx_word' id='word_1_11' title='bbox 962 554 997 605; x_wconf 90' lang='lat' dir='ltr'><strong>nt</strong></span> <span class='ocrx_word' id='word_1_12' title='bbox 1009 540 1057 605; x_wconf 84' lang='lat' dir='ltr'><strong>vis</strong></span> <span class='ocrx_word' id='word_1_13' title='bbox 1072 562 1094 605; x_wconf 89' lang='lat' dir='ltr'><strong>a</strong></span> <span class='ocrx_word' id='word_1_14' title='bbox 1106 537 1280 628; x_wconf 76' lang='lat' dir='ltr'><strong>gravitate</strong></span> <span class='ocrx_word' id='word_1_15' title='bbox 1289 536 1486 625; x_wconf 63' lang='lat' dir='ltr'><strong>orimdmpl</strong></span> 
     </span>
     <span class='ocr_line' id='line_1_3' title="bbox 196 645 1488 737; baseline -0.005 -21"><span class='ocrx_word' id='word_1_16' title='bbox 196 672 312 734; x_wconf 86' lang='lat' dir='ltr'><strong>corpus</strong></span> <span class='ocrx_word' id='word_1_17' title='bbox 327 648 360 712; x_wconf 91' lang='lat' dir='ltr'><strong>in</strong></span> <span class='ocrx_word' id='word_1_18' title='bbox 376 649 408 713; x_wconf 92' lang='lat' dir='ltr'>D</span> <span class='ocrx_word' id='word_1_19' title='bbox 424 648 597 713; x_wconf 87' lang='lat' dir='ltr'><strong>secundum</strong></span> <span class='ocrx_word' id='word_1_20' title='bbox 611 662 792 737; x_wconf 76' lang='lat' dir='ltr'><strong>tangentem</strong></span> <span class='ocrx_word' id='word_1_21' title='bbox 814 647 962 735; x_wconf 87' lang='lat' dir='ltr'><strong>cycloidis</strong></span> <span class='ocrx_word' id='word_1_22' title='bbox 982 658 1126 736; x_wconf 83' lang='lat' dir='ltr'><strong>urgetur,</strong></span> <span class='ocrx_word' id='word_1_23' title='bbox 1156 668 1306 733; x_wconf 82' lang='lat' dir='ltr'><strong>eamque</strong></span> <span class='ocrx_word' id='word_1_24' title='bbox 1322 645 1488 711; x_wconf 74' lang='lat' dir='ltr'><strong>habdim-</strong></span> 
     </span>
     <span class='ocr_line' id='line_1_4' title="bbox 196 751 1489 842; baseline -0.004 -20"><span class='ocrx_word' id='word_1_25' title='bbox 196 757 315 822; x_wconf 88' lang='lat' dir='ltr'><strong>tionem</strong></span> <span class='ocrx_word' id='word_1_26' title='bbox 326 754 367 818; x_wconf 89' lang='lat' dir='ltr'><strong>ad</strong></span> <span class='ocrx_word' id='word_1_27' title='bbox 383 754 609 840; x_wconf 82' lang='lat' dir='ltr'>longitudinem</span> <span class='ocrx_word' id='word_1_28' title='bbox 624 756 754 839; x_wconf 89' lang='lat' dir='ltr'><strong>penduli</strong></span> <span class='ocrx_word' id='word_1_29' title='bbox 769 754 808 842; x_wconf 61' lang='lat' dir='ltr'><strong>(h)</strong></span> <span class='ocrx_word' id='word_1_30' title='bbox 819 778 914 842; x_wconf 87' lang='lat' dir='ltr'><strong>quam</strong></span> <span class='ocrx_word' id='word_1_31' title='bbox 923 754 1019 820; x_wconf 89' lang='lat' dir='ltr'><strong>habet</strong></span> <span class='ocrx_word' id='word_1_32' title='bbox 1034 755 1080 819; x_wconf 88' lang='lat' dir='ltr'><strong>vis</strong></span> <span class='ocrx_word' id='word_1_33' title='bbox 1092 756 1127 818; x_wconf 92' lang='lat' dir='ltr'><strong>in</strong></span> <span class='ocrx_word' id='word_1_34' title='bbox 1144 754 1185 819; x_wconf 92' lang='lat' dir='ltr'><strong>D</strong></span> <span class='ocrx_word' id='word_1_35' title='bbox 1200 753 1246 819; x_wconf 86' lang='lat' dir='ltr'><strong>ad</strong></span> <span class='ocrx_word' id='word_1_36' title='bbox 1261 751 1335 817; x_wconf 86' lang='lat' dir='ltr'><strong>vim</strong></span> <span class='ocrx_word' id='word_1_37' title='bbox 1347 751 1489 840; x_wconf 73' lang='lat' dir='ltr'><strong>gmintin</strong></span> 
     </span>
     <span class='ocr_line' id='line_1_5' title="bbox 198 858 1489 951; baseline -0.006 -21"><span class='ocrx_word' id='word_1_38' title='bbox 198 864 386 948; x_wconf 85' lang='lat' dir='ltr'><strong>Exponatur</strong></span> <span class='ocrx_word' id='word_1_39' title='bbox 401 861 497 948; x_wconf 82' lang='lat' dir='ltr'><strong>igitur</strong></span> <span class='ocrx_word' id='word_1_40' title='bbox 508 863 553 925; x_wconf 87' lang='lat' dir='ltr'><strong>vis</strong></span> <span class='ocrx_word' id='word_1_41' title='bbox 564 862 618 926; x_wconf 84' lang='lat' dir='ltr'><strong>ills</strong></span> <span class='ocrx_word' id='word_1_42' title='bbox 625 885 683 948; x_wconf 89' lang='lat' dir='ltr'><strong>per</strong></span> <span class='ocrx_word' id='word_1_43' title='bbox 696 862 926 951; x_wconf 81' lang='lat' dir='ltr'><strong>longitudinem</strong></span> <span class='ocrx_word' id='word_1_44' title='bbox 937 862 965 926; x_wconf 91' lang='lat' dir='ltr'>C</span> <span class='ocrx_word' id='word_1_45' title='bbox 977 861 1021 940; x_wconf 90' lang='lat' dir='ltr'><strong>D,</strong></span> <span class='ocrx_word' id='word_1_46' title='bbox 1036 873 1070 927; x_wconf 89' lang='lat' dir='ltr'><strong>et</strong></span> <span class='ocrx_word' id='word_1_47' title='bbox 1083 859 1133 924; x_wconf 87' lang='lat' dir='ltr'><strong>vis</strong></span> <span class='ocrx_word' id='word_1_48' title='bbox 1148 858 1331 947; x_wconf 52' lang='lat' dir='ltr'><strong>paritatis</strong></span> <span class='ocrx_word' id='word_1_49' title='bbox 1345 880 1402 943; x_wconf 85' lang='lat' dir='ltr'><strong>per</strong></span> <span class='ocrx_word' id='word_1_50' title='bbox 1413 858 1489 945; x_wconf 60' lang='lat' dir='ltr'><strong>lq?-</strong></span> 
     </span>
     <span class='ocr_line' id='line_1_6' title="bbox 197 963 1488 1054; baseline -0.005 -19"><span class='ocrx_word' id='word_1_51' title='bbox 197 970 339 1035; x_wconf 90' lang='lat' dir='ltr'><strong>tudinem</strong></span> <span class='ocrx_word' id='word_1_52' title='bbox 353 967 492 1052; x_wconf 78' lang='lat' dir='ltr'><strong>penduli,</strong></span> <span class='ocrx_word' id='word_1_53' title='bbox 510 981 542 1033; x_wconf 92' lang='lat' dir='ltr'><strong>et</strong></span> <span class='ocrx_word' id='word_1_54' title='bbox 556 968 581 1031; x_wconf 89' lang='lat' dir='ltr'><strong>si</strong></span> <span class='ocrx_word' id='word_1_55' title='bbox 595 968 628 1032; x_wconf 90' lang='lat' dir='ltr'><strong>in</strong></span> <span class='ocrx_word' id='word_1_56' title='bbox 643 968 718 1033; x_wconf 86' lang='lat' dir='ltr'><strong>DE</strong></span> <span class='ocrx_word' id='word_1_57' title='bbox 732 969 873 1054; x_wconf 82' lang='lat' dir='ltr'><strong>capiatur</strong></span> <span class='ocrx_word' id='word_1_58' title='bbox 887 969 921 1033; x_wconf 93' lang='lat' dir='ltr'>D</span> <span class='ocrx_word' id='word_1_59' title='bbox 934 967 965 1032; x_wconf 91' lang='lat' dir='ltr'>K</span> <span class='ocrx_word' id='word_1_60' title='bbox 981 968 1015 1031; x_wconf 93' lang='lat' dir='ltr'><strong>in</strong></span> <span class='ocrx_word' id='word_1_61' title='bbox 1028 965 1065 1031; x_wconf 73' lang='lat' dir='ltr'><strong>ed</strong></span> <span class='ocrx_word' id='word_1_62' title='bbox 1078 966 1211 1030; x_wconf 87' lang='lat' dir='ltr'><strong>ratione</strong></span> <span class='ocrx_word' id='word_1_63' title='bbox 1223 963 1271 1029; x_wconf 89' lang='lat' dir='ltr'><strong>nd</strong></span> <span class='ocrx_word' id='word_1_64' title='bbox 1280 963 1488 1052; x_wconf 68' lang='lat' dir='ltr'><strong>longitudino</strong></span> 
     </span>
     <span class='ocr_line' id='line_1_7' title="bbox 197 1066 1535 1168; baseline -0.007 -22"><span class='ocrx_word' id='word_1_65' title='bbox 197 1079 328 1168; x_wconf 89' lang='lat' dir='ltr'><strong>penduli</strong></span> <span class='ocrx_word' id='word_1_66' title='bbox 350 1098 444 1165; x_wconf 87' lang='lat' dir='ltr'><strong>quam</strong></span> <span class='ocrx_word' id='word_1_67' title='bbox 465 1077 561 1143; x_wconf 90' lang='lat' dir='ltr'><strong>habet</strong></span> <span class='ocrx_word' id='word_1_68' title='bbox 581 1076 756 1144; x_wconf 82' lang='lat' dir='ltr'><strong>resistentia</strong></span> <span class='ocrx_word' id='word_1_69' title='bbox 770 1078 811 1143; x_wconf 87' lang='lat' dir='ltr'><strong>ad</strong></span> <span class='ocrx_word' id='word_1_70' title='bbox 824 1077 1019 1167; x_wconf 80' lang='lat' dir='ltr'><strong>gravitatem,</strong></span> <span class='ocrx_word' id='word_1_71' title='bbox 1042 1073 1104 1139; x_wconf 90' lang='lat' dir='ltr'><strong>erit</strong></span> <span class='ocrx_word' id='word_1_72' title='bbox 1118 1074 1160 1140; x_wconf 94' lang='lat' dir='ltr'><strong>D</strong></span> <span class='ocrx_word' id='word_1_73' title='bbox 1178 1072 1216 1139; x_wconf 84' lang='lat' dir='ltr'>K</span> <span class='ocrx_word' id='word_1_74' title='bbox 1233 1092 1408 1158; x_wconf 84' lang='lat' dir='ltr'><strong>exponens</strong></span> <span class='ocrx_word' id='word_1_75' title='bbox 1419 1070 1489 1137; x_wconf 68' lang='lat' dir='ltr'><strong>ref»</strong></span> <span class='ocrx_word' id='word_1_76' title='bbox 1533 1066 1535 1099; x_wconf 78' lang='lat'>²</span> 
     </span>
     <span class='ocr_line' id='line_1_8' title="bbox 198 1180 1490 1259; baseline -0.009 -1"><span class='ocrx_word' id='word_1_77' title='bbox 198 1191 315 1259; x_wconf 76' lang='lat' dir='ltr'><strong>tentiae.</strong></span> <span class='ocrx_word' id='word_1_78' title='bbox 361 1188 479 1254; x_wconf 89' lang='lat' dir='ltr'><strong>Centro</strong></span> <span class='ocrx_word' id='word_1_79' title='bbox 496 1189 524 1253; x_wconf 87' lang='lat' dir='ltr'>C</span> <span class='ocrx_word' id='word_1_80' title='bbox 539 1200 571 1253; x_wconf 88' lang='lat' dir='ltr'><strong>et</strong></span> <span class='ocrx_word' id='word_1_81' title='bbox 591 1189 755 1255; x_wconf 83' lang='lat' dir='ltr'><strong>intervallo</strong></span> <span class='ocrx_word' id='word_1_82' title='bbox 776 1189 805 1254; x_wconf 85' lang='lat' dir='ltr'>C</span> <span class='ocrx_word' id='word_1_83' title='bbox 820 1190 851 1253; x_wconf 87' lang='lat' dir='ltr'><strong>A</strong></span> <span class='ocrx_word' id='word_1_84' title='bbox 874 1188 923 1253; x_wconf 82' lang='lat' dir='ltr'><strong>vel</strong></span> <span class='ocrx_word' id='word_1_85' title='bbox 947 1187 975 1251; x_wconf 90' lang='lat' dir='ltr'>C</span> <span class='ocrx_word' id='word_1_86' title='bbox 991 1185 1020 1249; x_wconf 93' lang='lat' dir='ltr'><strong>B</strong></span> <span class='ocrx_word' id='word_1_87' title='bbox 1041 1196 1260 1249; x_wconf 87' lang='lat' dir='ltr'><strong>construatur</strong></span> <span class='ocrx_word' id='word_1_88' title='bbox 1287 1180 1490 1248; x_wconf 70' lang='lat' dir='ltr'><strong>semi-circel!</strong></span> 
     </span>
     <span class='ocr_line' id='line_1_9' title="bbox 200 1288 1489 1381; baseline -0.011 -14"><span class='ocrx_word' id='word_1_89' title='bbox 200 1299 230 1367; x_wconf 92' lang='lat' dir='ltr'>B</span> <span class='ocrx_word' id='word_1_90' title='bbox 245 1298 275 1362; x_wconf 87' lang='grc' dir='ltr'>Ε</span> <span class='ocrx_word' id='word_1_91' title='bbox 289 1319 307 1361; x_wconf 92' lang='lat' dir='ltr'><strong>e</strong></span> <span class='ocrx_word' id='word_1_92' title='bbox 324 1296 364 1360; x_wconf 83' lang='lat' dir='ltr'><strong>A.</strong></span> <span class='ocrx_word' id='word_1_93' title='bbox 409 1297 576 1363; x_wconf 80' lang='lat' dir='ltr'><strong>Describat</strong></span> <span class='ocrx_word' id='word_1_94' title='bbox 589 1310 695 1363; x_wconf 88' lang='lat' dir='ltr'><strong>autem</strong></span> <span class='ocrx_word' id='word_1_95' title='bbox 709 1319 823 1381; x_wconf 88' lang='lat' dir='ltr'><strong>corpus</strong></span> <span class='ocrx_word' id='word_1_96' title='bbox 838 1308 980 1381; x_wconf 85' lang='lat' dir='ltr'><strong>tempore</strong></span> <span class='ocrx_word' id='word_1_97' title='bbox 994 1293 1090 1381; x_wconf 70' lang='lat' dir='ltr'><strong>quem</strong></span> <span class='ocrx_word' id='word_1_98' title='bbox 1104 1291 1253 1356; x_wconf 86' lang='lat' dir='ltr'><strong>minimo</strong></span> <span class='ocrx_word' id='word_1_99' title='bbox 1269 1289 1411 1377; x_wconf 74' lang='lat' dir='ltr'><strong>spatium</strong></span> <span class='ocrx_word' id='word_1_100' title='bbox 1428 1288 1489 1365; x_wconf 81' lang='lat' dir='ltr'><strong>Dl.</strong></span> 
     </span>
     <span class='ocr_line' id='line_1_10' title="bbox 199 1398 1490 1492; baseline -0.006 -20"><span class='ocrx_word' id='word_1_101' title='bbox 199 1417 232 1472; x_wconf 89' lang='lat' dir='ltr'><strong>et</strong></span> <span class='ocrx_word' id='word_1_102' title='bbox 246 1405 356 1471; x_wconf 88' lang='lat' dir='ltr'><strong>erectis</strong></span> <span class='ocrx_word' id='word_1_103' title='bbox 369 1406 601 1492; x_wconf 83' lang='lat' dir='ltr'><strong>perpendiculis</strong></span> <span class='ocrx_word' id='word_1_104' title='bbox 617 1409 651 1473; x_wconf 90' lang='lat' dir='ltr'>D</span> <span class='ocrx_word' id='word_1_105' title='bbox 667 1406 707 1487; x_wconf 82' lang='grc' dir='ltr'><strong>Ε,</strong></span> <span class='ocrx_word' id='word_1_106' title='bbox 723 1406 746 1472; x_wconf 96' lang='lat' dir='ltr'><strong>d</strong></span> <span class='ocrx_word' id='word_1_107' title='bbox 760 1427 779 1472; x_wconf 91' lang='lat' dir='ltr'><strong>e</strong></span> <span class='ocrx_word' id='word_1_108' title='bbox 792 1401 1052 1470; x_wconf 75' lang='lat' dir='ltr'><strong>circumferentiae</strong></span> <span class='ocrx_word' id='word_1_109' title='bbox 1074 1400 1337 1471; x_wconf 84' lang='lat' dir='ltr'><strong>occurrentibus</strong></span> <span class='ocrx_word' id='word_1_110' title='bbox 1350 1400 1384 1464; x_wconf 90' lang='lat' dir='ltr'><strong>in</strong></span> <span class='ocrx_word' id='word_1_111' title='bbox 1397 1398 1490 1477; x_wconf 67' lang='lat' dir='ltr'><strong>Eur,</strong></span> 
     </span>
    </p>
   </div>
   <div class='ocr_carea' id='block_1_3' title="bbox 206 2608 1492 4121">
    <p class='ocr_par' dir='ltr' id='par_1_3' title="bbox 206 2608 1492 4121">
     <span class='ocr_line' id='line_1_11' title="bbox 206 2608 1491 2703; baseline 0.004 -23"><span class='ocrx_word' id='word_1_112' title='bbox 206 2628 295 2680; x_wconf 83' lang='lat' dir='ltr'><strong>erunt</strong></span> <span class='ocrx_word' id='word_1_113' title='bbox 311 2615 380 2680; x_wconf 87' lang='lat' dir='ltr'><strong>hoec</strong></span> <span class='ocrx_word' id='word_1_114' title='bbox 394 2628 430 2680; x_wconf 88' lang='lat' dir='ltr'><strong>ut</strong></span> <span class='ocrx_word' id='word_1_115' title='bbox 444 2614 620 2680; x_wconf 83' lang='lat' dir='ltr'><strong>velocitates</strong></span> <span class='ocrx_word' id='word_1_116' title='bbox 635 2638 712 2703; x_wconf 86' lang='lat' dir='ltr'><strong>quas</strong></span> <span class='ocrx_word' id='word_1_117' title='bbox 727 2634 841 2698; x_wconf 85' lang='lat' dir='ltr'><strong>corpus</strong></span> <span class='ocrx_word' id='word_1_118' title='bbox 863 2614 897 2678; x_wconf 90' lang='lat' dir='ltr'><strong>in</strong></span> <span class='ocrx_word' id='word_1_119' title='bbox 917 2635 1025 2693; x_wconf 83' lang='lat' dir='ltr'><strong>vacuo,</strong></span> <span class='ocrx_word' id='word_1_120' title='bbox 1049 2613 1291 2679; x_wconf 88' lang='lat' dir='ltr'><strong>descendendo</strong></span> <span class='ocrx_word' id='word_1_121' title='bbox 1306 2636 1328 2681; x_wconf 78' lang='lat' dir='ltr'><strong>a</strong></span> <span class='ocrx_word' id='word_1_122' title='bbox 1339 2628 1448 2702; x_wconf 74' lang='lat' dir='ltr'><strong>puncto</strong></span> <span class='ocrx_word' id='word_1_123' title='bbox 1463 2608 1491 2685; x_wconf 62' lang='lat' dir='ltr'>R</span> 
     </span>
     <span class='ocr_line' id='line_1_12' title="bbox 206 2723 1491 2811; baseline 0.005 -22"><span class='ocrx_word' id='word_1_124' title='bbox 206 2725 380 2811; x_wconf 87' lang='lat' dir='ltr'><strong>acquireret</strong></span> <span class='ocrx_word' id='word_1_125' title='bbox 393 2725 427 2787; x_wconf 92' lang='lat' dir='ltr'><strong>in</strong></span> <span class='ocrx_word' id='word_1_126' title='bbox 441 2723 518 2789; x_wconf 92' lang='lat' dir='ltr'><strong>locis</strong></span> <span class='ocrx_word' id='word_1_127' title='bbox 540 2726 574 2790; x_wconf 92' lang='lat' dir='ltr'>D</span> <span class='ocrx_word' id='word_1_128' title='bbox 590 2738 621 2789; x_wconf 92' lang='lat' dir='ltr'><strong>et</strong></span> <span class='ocrx_word' id='word_1_129' title='bbox 635 2725 667 2789; x_wconf 91' lang='lat' dir='ltr'><strong>d.</strong></span> <span class='ocrx_word' id='word_1_130' title='bbox 713 2724 805 2789; x_wconf 88' lang='lat' dir='ltr'><strong>Patet</strong></span> <span class='ocrx_word' id='word_1_131' title='bbox 826 2723 887 2789; x_wconf 91' lang='lat' dir='ltr'><strong>hoc</strong></span> <span class='ocrx_word' id='word_1_132' title='bbox 909 2729 980 2809; x_wconf 91' lang='lat' dir='ltr'><strong>(per</strong></span> <span class='ocrx_word' id='word_1_133' title='bbox 997 2726 1092 2811; x_wconf 89' lang='lat' dir='ltr'><strong>Prop.</strong></span> <span class='ocrx_word' id='word_1_134' title='bbox 1109 2724 1297 2791; x_wconf 72' lang='lat' dir='ltr'><strong>L11.1.1n</strong></span> <span class='ocrx_word' id='word_1_135' title='bbox 1315 2728 1371 2809; x_wconf 79' lang='grc' dir='ltr'><strong>Ι.)Ι</strong></span> <span class='ocrx_word' id='word_1_136' title='bbox 1412 2723 1491 2806; x_wconf 57' lang='lat' dir='ltr'><strong>Fi?</strong></span> 
     </span>
     <span class='ocr_line' id='line_1_13' title="bbox 208 2826 1492 2923; baseline -0.002 -26"><span class='ocrx_word' id='word_1_137' title='bbox 208 2847 323 2899; x_wconf 82' lang='lat' dir='ltr'><strong>nentur</strong></span> <span class='ocrx_word' id='word_1_138' title='bbox 344 2835 449 2921; x_wconf 86' lang='lat' dir='ltr'><strong>itaque</strong></span> <span class='ocrx_word' id='word_1_139' title='bbox 464 2834 515 2898; x_wconf 80' lang='lat' dir='ltr'><strong>hae</strong></span> <span class='ocrx_word' id='word_1_140' title='bbox 529 2835 706 2899; x_wconf 86' lang='lat' dir='ltr'><strong>velocitates</strong></span> <span class='ocrx_word' id='word_1_141' title='bbox 721 2856 779 2918; x_wconf 88' lang='lat' dir='ltr'><strong>per</strong></span> <span class='ocrx_word' id='word_1_142' title='bbox 792 2833 1017 2918; x_wconf 88' lang='lat' dir='ltr'><strong>perpendicula</strong></span> <span class='ocrx_word' id='word_1_143' title='bbox 1031 2833 1085 2897; x_wconf 87' lang='lat' dir='ltr'><strong>illa</strong></span> <span class='ocrx_word' id='word_1_144' title='bbox 1104 2834 1143 2898; x_wconf 87' lang='lat' dir='ltr'>D</span> <span class='ocrx_word' id='word_1_145' title='bbox 1161 2834 1204 2913; x_wconf 83' lang='lat' dir='ltr'><strong>E,</strong></span> <span class='ocrx_word' id='word_1_146' title='bbox 1221 2834 1251 2900; x_wconf 89' lang='lat' dir='ltr'><strong>d</strong></span> <span class='ocrx_word' id='word_1_147' title='bbox 1266 2858 1308 2914; x_wconf 72' lang='grc' dir='ltr'><strong>ες</strong></span> <span class='ocrx_word' id='word_1_148' title='bbox 1331 2826 1492 2923; x_wconf 78' lang='lat' dir='ltr'><strong>nirqneDl</strong></span> 
     </span>
     <span class='ocr_line' id='line_1_14' title="bbox 208 2926 1490 3030; baseline 0.001 -24"><span class='ocrx_word' id='word_1_149' title='bbox 208 2942 353 3008; x_wconf 83' lang='lat' dir='ltr'><strong>velocitas</strong></span> <span class='ocrx_word' id='word_1_150' title='bbox 379 2926 473 3029; x_wconf 83' lang='lat' dir='ltr'><strong>quain</strong></span> <span class='ocrx_word' id='word_1_151' title='bbox 495 2946 627 3030; x_wconf 88' lang='lat' dir='ltr'><strong>acquirit</strong></span> <span class='ocrx_word' id='word_1_152' title='bbox 648 2945 681 3008; x_wconf 91' lang='lat' dir='ltr'><strong>in</strong></span> <span class='ocrx_word' id='word_1_153' title='bbox 703 2945 737 3009; x_wconf 92' lang='lat' dir='ltr'>D</span> <span class='ocrx_word' id='word_1_154' title='bbox 759 2944 901 3008; x_wconf 87' lang='lat' dir='ltr'><strong>cadendo</strong></span> <span class='ocrx_word' id='word_1_155' title='bbox 916 2945 957 3009; x_wconf 90' lang='lat' dir='ltr'><strong>de</strong></span> <span class='ocrx_word' id='word_1_156' title='bbox 974 2945 1001 3009; x_wconf 92' lang='lat' dir='ltr'>B</span> <span class='ocrx_word' id='word_1_157' title='bbox 1016 2945 1049 3008; x_wconf 93' lang='lat' dir='ltr'><strong>in</strong></span> <span class='ocrx_word' id='word_1_158' title='bbox 1063 2944 1175 3008; x_wconf 89' lang='lat' dir='ltr'><strong>medio</strong></span> <span class='ocrx_word' id='word_1_159' title='bbox 1199 2947 1387 3013; x_wconf 73' lang='lat' dir='ltr'><strong>resistente.</strong></span> <span class='ocrx_word' id='word_1_160' title='bbox 1426 2938 1490 3007; x_wconf 72' lang='lat' dir='ltr'><strong>usi</strong></span> 
     </span>
     <span class='ocr_line' id='line_1_15' title="bbox 209 3046 1490 3129; baseline -0.002 -12"><span class='ocrx_word' id='word_1_161' title='bbox 209 3066 318 3117; x_wconf 88' lang='lat' dir='ltr'><strong>centro</strong></span> <span class='ocrx_word' id='word_1_162' title='bbox 334 3055 361 3120; x_wconf 91' lang='lat' dir='ltr'>C</span> <span class='ocrx_word' id='word_1_163' title='bbox 377 3068 408 3119; x_wconf 88' lang='lat' dir='ltr'><strong>et</strong></span> <span class='ocrx_word' id='word_1_164' title='bbox 429 3055 593 3119; x_wconf 83' lang='lat' dir='ltr'><strong>intervallo</strong></span> <span class='ocrx_word' id='word_1_165' title='bbox 617 3054 689 3117; x_wconf 90' lang='lat' dir='ltr'><strong>CF</strong></span> <span class='ocrx_word' id='word_1_166' title='bbox 711 3054 906 3118; x_wconf 85' lang='lat' dir='ltr'><strong>describatur</strong></span> <span class='ocrx_word' id='word_1_167' title='bbox 928 3053 1063 3129; x_wconf 83' lang='lat' dir='ltr'><strong>circulus</strong></span> <span class='ocrx_word' id='word_1_168' title='bbox 1088 3054 1115 3118; x_wconf 88' lang='lat' dir='ltr'><strong>F</strong></span> <span class='ocrx_word' id='word_1_169' title='bbox 1132 3053 1151 3117; x_wconf 86' lang='lat' dir='ltr'>s</span> <span class='ocrx_word' id='word_1_170' title='bbox 1162 3054 1206 3119; x_wconf 88' lang='lat' dir='ltr'>M</span> <span class='ocrx_word' id='word_1_171' title='bbox 1232 3077 1410 3123; x_wconf 78' lang='lat' dir='ltr'><strong>occurrens</strong></span> <span class='ocrx_word' id='word_1_172' title='bbox 1427 3046 1490 3115; x_wconf 65' lang='grc' dir='ltr'><strong>πώ</strong></span> 
     </span>
     <span class='ocr_line' id='line_1_16' title="bbox 209 3158 1491 3248; baseline 0.005 -26"><span class='ocrx_word' id='word_1_173' title='bbox 209 3158 310 3223; x_wconf 87' lang='lat' dir='ltr'><strong>dect</strong></span> <span class='ocrx_word' id='word_1_174' title='bbox 325 3162 356 3225; x_wconf 87' lang='lat' dir='ltr'><strong>A</strong></span> <span class='ocrx_word' id='word_1_175' title='bbox 373 3161 401 3225; x_wconf 89' lang='lat' dir='ltr'>B</span> <span class='ocrx_word' id='word_1_176' title='bbox 416 3160 449 3223; x_wconf 91' lang='lat' dir='ltr'><strong>in</strong></span> <span class='ocrx_word' id='word_1_177' title='bbox 463 3160 481 3222; x_wconf 90' lang='lat' dir='ltr'><strong>f</strong></span> <span class='ocrx_word' id='word_1_178' title='bbox 490 3173 522 3223; x_wconf 88' lang='lat' dir='ltr'><strong>et</strong></span> <span class='ocrx_word' id='word_1_179' title='bbox 538 3161 588 3236; x_wconf 91' lang='lat' dir='ltr'><strong>M,</strong></span> <span class='ocrx_word' id='word_1_180' title='bbox 614 3159 647 3244; x_wconf 84' lang='lat'><strong>(¹)</strong></span> <span class='ocrx_word' id='word_1_181' title='bbox 664 3161 724 3223; x_wconf 90' lang='lat' dir='ltr'><strong>erit</strong></span> <span class='ocrx_word' id='word_1_182' title='bbox 747 3159 786 3223; x_wconf 93' lang='lat' dir='ltr'>M</span> <span class='ocrx_word' id='word_1_183' title='bbox 808 3160 896 3224; x_wconf 88' lang='lat' dir='ltr'><strong>locus</strong></span> <span class='ocrx_word' id='word_1_184' title='bbox 918 3161 958 3224; x_wconf 87' lang='lat' dir='ltr'><strong>ad</strong></span> <span class='ocrx_word' id='word_1_185' title='bbox 980 3183 1075 3247; x_wconf 90' lang='lat' dir='ltr'><strong>quem</strong></span> <span class='ocrx_word' id='word_1_186' title='bbox 1096 3160 1262 3248; x_wconf 84' lang='lat' dir='ltr'><strong>deinceps</strong></span> <span class='ocrx_word' id='word_1_187' title='bbox 1287 3166 1359 3231; x_wconf 86' lang='lat' dir='ltr'><strong>sine</strong></span> <span class='ocrx_word' id='word_1_188' title='bbox 1379 3159 1491 3229; x_wconf 62' lang='lat' dir='ltr'><strong>ulmi!</strong></span> 
     </span>
     <span class='ocr_line' id='line_1_17' title="bbox 209 3265 1492 3353; baseline 0.002 -23"><span class='ocrx_word' id='word_1_189' title='bbox 209 3265 382 3331; x_wconf 69' lang='lat' dir='ltr'><strong>resistentia</strong></span> <span class='ocrx_word' id='word_1_190' title='bbox 398 3267 587 3344; x_wconf 83' lang='lat' dir='ltr'><strong>ascenderet,</strong></span> <span class='ocrx_word' id='word_1_191' title='bbox 603 3279 635 3331; x_wconf 89' lang='lat' dir='ltr'><strong>et</strong></span> <span class='ocrx_word' id='word_1_192' title='bbox 649 3266 671 3329; x_wconf 95' lang='lat' dir='ltr'><strong>d</strong></span> <span class='ocrx_word' id='word_1_193' title='bbox 685 3265 703 3329; x_wconf 84' lang='lat' dir='ltr'>f</span> <span class='ocrx_word' id='word_1_194' title='bbox 711 3265 858 3331; x_wconf 87' lang='lat' dir='ltr'><strong>velocitas</strong></span> <span class='ocrx_word' id='word_1_195' title='bbox 873 3288 969 3353; x_wconf 87' lang='lat' dir='ltr'><strong>quam</strong></span> <span class='ocrx_word' id='word_1_196' title='bbox 983 3267 1164 3353; x_wconf 82' lang='lat' dir='ltr'><strong>acquireret</strong></span> <span class='ocrx_word' id='word_1_197' title='bbox 1179 3270 1216 3334; x_wconf 91' lang='lat' dir='ltr'><strong>in</strong></span> <span class='ocrx_word' id='word_1_198' title='bbox 1238 3271 1277 3336; x_wconf 87' lang='lat' dir='ltr'><strong>d.</strong></span> <span class='ocrx_word' id='word_1_199' title='bbox 1322 3266 1492 3341; x_wconf 72' lang='lat' dir='ltr'><strong>Undcct‘-</strong></span> 
     </span>
     <span class='ocr_line' id='line_1_18' title="bbox 210 3374 1491 3467; baseline 0.007 -28"><span class='ocrx_word' id='word_1_200' title='bbox 210 3377 237 3439; x_wconf 93' lang='lat' dir='ltr'><strong>si</strong></span> <span class='ocrx_word' id='word_1_201' title='bbox 254 3376 280 3439; x_wconf 91' lang='lat' dir='ltr'>F</span> <span class='ocrx_word' id='word_1_202' title='bbox 293 3375 469 3462; x_wconf 83' lang='lat' dir='ltr'><strong>gdesignet</strong></span> <span class='ocrx_word' id='word_1_203' title='bbox 479 3375 649 3440; x_wconf 78' lang='lat' dir='ltr'><strong>velocitatis</strong></span> <span class='ocrx_word' id='word_1_204' title='bbox 664 3387 858 3439; x_wconf 88' lang='lat' dir='ltr'><strong>momentum</strong></span> <span class='ocrx_word' id='word_1_205' title='bbox 873 3376 958 3462; x_wconf 93' lang='lat' dir='ltr'><strong>quod</strong></span> <span class='ocrx_word' id='word_1_206' title='bbox 972 3399 1086 3461; x_wconf 85' lang='lat' dir='ltr'><strong>corpus</strong></span> <span class='ocrx_word' id='word_1_207' title='bbox 1102 3376 1138 3443; x_wconf 95' lang='lat' dir='ltr'>D</span> <span class='ocrx_word' id='word_1_208' title='bbox 1155 3374 1491 3467; x_wconf 74' lang='lat' dir='ltr'><strong>describendoqnn&#39;·</strong></span> 
     </span>
     <span class='ocr_line' id='line_1_19' title="bbox 210 3484 1492 3573; baseline 0.007 -27"><span class='ocrx_word' id='word_1_209' title='bbox 210 3505 304 3570; x_wconf 85' lang='lat' dir='ltr'><strong>quam</strong></span> <span class='ocrx_word' id='word_1_210' title='bbox 319 3484 483 3547; x_wconf 88' lang='lat' dir='ltr'><strong>minimum</strong></span> <span class='ocrx_word' id='word_1_211' title='bbox 498 3485 532 3549; x_wconf 94' lang='lat' dir='ltr'>D</span> <span class='ocrx_word' id='word_1_212' title='bbox 548 3485 579 3561; x_wconf 90' lang='lat' dir='ltr'><strong>d,</strong></span> <span class='ocrx_word' id='word_1_213' title='bbox 596 3506 636 3547; x_wconf 86' lang='lat' dir='ltr'><strong>ex</strong></span> <span class='ocrx_word' id='word_1_214' title='bbox 651 3484 825 3549; x_wconf 76' lang='lat' dir='ltr'><strong>resistentid</strong></span> <span class='ocrx_word' id='word_1_215' title='bbox 840 3485 936 3550; x_wconf 90' lang='lat' dir='ltr'><strong>medii</strong></span> <span class='ocrx_word' id='word_1_216' title='bbox 952 3485 1082 3562; x_wconf 86' lang='lat' dir='ltr'><strong>amittit3</strong></span> <span class='ocrx_word' id='word_1_217' title='bbox 1105 3498 1140 3552; x_wconf 89' lang='lat' dir='ltr'><strong>et</strong></span> <span class='ocrx_word' id='word_1_218' title='bbox 1156 3504 1317 3557; x_wconf 80' lang='lat' dir='ltr'><strong>sumatur</strong></span> <span class='ocrx_word' id='word_1_219' title='bbox 1333 3490 1363 3557; x_wconf 86' lang='lat' dir='ltr'>C</span> <span class='ocrx_word' id='word_1_220' title='bbox 1377 3488 1492 3573; x_wconf 69' lang='lat' dir='ltr'><strong>qu}</strong></span> 
     </span>
     <span class='ocr_line' id='line_1_20' title="bbox 210 3590 1492 3680; baseline 0.012 -26"><span class='ocrx_word' id='word_1_221' title='bbox 210 3592 248 3655; x_wconf 91' lang='lat' dir='ltr'><strong>lis</strong></span> <span class='ocrx_word' id='word_1_222' title='bbox 265 3593 346 3679; x_wconf 82' lang='lat' dir='ltr'><strong>cg:</strong></span> <span class='ocrx_word' id='word_1_223' title='bbox 372 3594 431 3657; x_wconf 90' lang='lat' dir='ltr'><strong>erit</strong></span> <span class='ocrx_word' id='word_1_224' title='bbox 447 3595 478 3656; x_wconf 94' lang='lat' dir='ltr'>N</span> <span class='ocrx_word' id='word_1_225' title='bbox 493 3593 579 3658; x_wconf 91' lang='lat' dir='ltr'><strong>locus</strong></span> <span class='ocrx_word' id='word_1_226' title='bbox 595 3593 635 3658; x_wconf 87' lang='lat' dir='ltr'><strong>ad</strong></span> <span class='ocrx_word' id='word_1_227' title='bbox 650 3616 743 3680; x_wconf 90' lang='lat' dir='ltr'><strong>quem</strong></span> <span class='ocrx_word' id='word_1_228' title='bbox 766 3616 879 3678; x_wconf 84' lang='lat' dir='ltr'><strong>corpus</strong></span> <span class='ocrx_word' id='word_1_229' title='bbox 900 3594 1048 3679; x_wconf 88' lang='lat' dir='ltr'><strong>deinceps</strong></span> <span class='ocrx_word' id='word_1_230' title='bbox 1071 3596 1142 3659; x_wconf 90' lang='lat' dir='ltr'><strong>sine</strong></span> <span class='ocrx_word' id='word_1_231' title='bbox 1166 3597 1333 3668; x_wconf 82' lang='lat' dir='ltr'><strong>ulteriore</strong></span> <span class='ocrx_word' id='word_1_232' title='bbox 1355 3590 1492 3667; x_wconf 53' lang='grc' dir='ltr'><strong>[αἰτῶ</strong></span> 
     </span>
     <span class='ocr_line' id='line_1_21' title="bbox 211 3702 1492 3779; baseline 0.005 -15"><span class='ocrx_word' id='word_1_233' title='bbox 211 3702 399 3779; x_wconf 83' lang='lat' dir='ltr'><strong>ascenderet,</strong></span> <span class='ocrx_word' id='word_1_234' title='bbox 417 3714 448 3766; x_wconf 89' lang='lat' dir='ltr'><strong>et</strong></span> <span class='ocrx_word' id='word_1_235' title='bbox 464 3703 503 3766; x_wconf 89' lang='lat' dir='ltr'>M</span> <span class='ocrx_word' id='word_1_236' title='bbox 520 3704 552 3767; x_wconf 94' lang='lat' dir='ltr'>N</span> <span class='ocrx_word' id='word_1_237' title='bbox 567 3705 626 3767; x_wconf 86' lang='lat' dir='ltr'><strong>erit</strong></span> <span class='ocrx_word' id='word_1_238' title='bbox 641 3703 875 3768; x_wconf 86' lang='lat' dir='ltr'><strong>decrementum</strong></span> <span class='ocrx_word' id='word_1_239' title='bbox 897 3704 1044 3769; x_wconf 76' lang='lat' dir='ltr'><strong>ascensius</strong></span> <span class='ocrx_word' id='word_1_240' title='bbox 1059 3726 1100 3769; x_wconf 83' lang='lat' dir='ltr'><strong>ex</strong></span> <span class='ocrx_word' id='word_1_241' title='bbox 1115 3705 1309 3775; x_wconf 84' lang='lat' dir='ltr'><strong>velocitatis</strong></span> <span class='ocrx_word' id='word_1_242' title='bbox 1332 3711 1412 3777; x_wconf 76' lang='lat' dir='ltr'><strong>sslius</strong></span> <span class='ocrx_word' id='word_1_243' title='bbox 1428 3704 1492 3771; x_wconf 75' lang='lat' dir='ltr'><strong>nit·</strong></span> 
     </span>
     <span class='ocr_line' id='line_1_22' title="bbox 212 3809 1492 3899; baseline 0.011 -25"><span class='ocrx_word' id='word_1_244' title='bbox 212 3812 299 3875; x_wconf 87' lang='lat' dir='ltr'><strong>sione</strong></span> <span class='ocrx_word' id='word_1_245' title='bbox 314 3811 492 3874; x_wconf 90' lang='lat' dir='ltr'><strong>oriundum.</strong></span> <span class='ocrx_word' id='word_1_246' title='bbox 538 3812 591 3876; x_wconf 86' lang='lat' dir='ltr'><strong>Ad</strong></span> <span class='ocrx_word' id='word_1_247' title='bbox 613 3812 668 3876; x_wconf 89' lang='lat' dir='ltr'><strong>df</strong></span> <span class='ocrx_word' id='word_1_248' title='bbox 687 3813 869 3878; x_wconf 83' lang='lat' dir='ltr'><strong>demittatur</strong></span> <span class='ocrx_word' id='word_1_249' title='bbox 889 3814 1155 3899; x_wconf 87' lang='lat' dir='ltr'><strong>perpendiculum</strong></span> <span class='ocrx_word' id='word_1_250' title='bbox 1180 3816 1277 3898; x_wconf 88' lang='lat' dir='ltr'><strong>Fm,</strong></span> <span class='ocrx_word' id='word_1_251' title='bbox 1303 3836 1339 3886; x_wconf 90' lang='lat' dir='ltr'><strong>et</strong></span> <span class='ocrx_word' id='word_1_252' title='bbox 1358 3809 1492 3887; x_wconf 55' lang='lat' dir='ltr'><strong>velo&amp;</strong></span> 
     </span>
     <span class='ocr_line' id='line_1_23' title="bbox 212 3917 1492 4010; baseline 0.012 -29"><span class='ocrx_word' id='word_1_253' title='bbox 212 3917 290 3981; x_wconf 90' lang='lat' dir='ltr'><strong>DF</strong></span> <span class='ocrx_word' id='word_1_254' title='bbox 316 3917 549 3982; x_wconf 86' lang='lat' dir='ltr'><strong>decrementum</strong></span> <span class='ocrx_word' id='word_1_255' title='bbox 575 3919 637 4006; x_wconf 80' lang='lat' dir='ltr'><strong>Fg</strong></span> <span class='ocrx_word' id='word_1_256' title='bbox 660 3943 680 3982; x_wconf 87' lang='lat' dir='ltr'><strong>a</strong></span> <span class='ocrx_word' id='word_1_257' title='bbox 701 3920 874 3986; x_wconf 73' lang='lat' dir='ltr'><strong>resistentilr</strong></span> <span class='ocrx_word' id='word_1_258' title='bbox 898 3922 932 3986; x_wconf 93' lang='lat' dir='ltr'>D</span> <span class='ocrx_word' id='word_1_259' title='bbox 949 3922 981 3987; x_wconf 92' lang='lat' dir='ltr'><strong>K</strong></span> <span class='ocrx_word' id='word_1_260' title='bbox 1004 3923 1163 4010; x_wconf 80' lang='lat' dir='ltr'><strong>genitum,</strong></span> <span class='ocrx_word' id='word_1_261' title='bbox 1193 3926 1261 3991; x_wconf 83' lang='lat' dir='ltr'><strong>erit</strong></span> <span class='ocrx_word' id='word_1_262' title='bbox 1289 3929 1333 3994; x_wconf 90' lang='lat' dir='ltr'><strong>ad</strong></span> <span class='ocrx_word' id='word_1_263' title='bbox 1358 3920 1492 3995; x_wconf 59' lang='lat' dir='ltr'><strong>uelocis!</strong></span> 
     </span>
     <span class='ocr_line' id='line_1_24' title="bbox 212 4022 1492 4121; baseline 0.002 -31"><span class='ocrx_word' id='word_1_264' title='bbox 212 4024 351 4111; x_wconf 88' lang='lat' dir='ltr'><strong>ejusdem</strong></span> <span class='ocrx_word' id='word_1_265' title='bbox 367 4025 595 4091; x_wconf 87' lang='lat' dir='ltr'><strong>incrementum</strong></span> <span class='ocrx_word' id='word_1_266' title='bbox 611 4026 669 4089; x_wconf 86' lang='lat' dir='ltr'><strong>sm</strong></span> <span class='ocrx_word' id='word_1_267' title='bbox 683 4051 703 4090; x_wconf 89' lang='lat' dir='ltr'><strong>a</strong></span> <span class='ocrx_word' id='word_1_268' title='bbox 717 4028 747 4090; x_wconf 83' lang='lat' dir='ltr'><strong>vi</strong></span> <span class='ocrx_word' id='word_1_269' title='bbox 765 4028 792 4092; x_wconf 89' lang='lat' dir='ltr'>C</span> <span class='ocrx_word' id='word_1_270' title='bbox 808 4029 842 4094; x_wconf 95' lang='lat' dir='ltr'>D</span> <span class='ocrx_word' id='word_1_271' title='bbox 857 4030 1008 4116; x_wconf 81' lang='lat' dir='ltr'><strong>genitum,</strong></span> <span class='ocrx_word' id='word_1_272' title='bbox 1025 4045 1060 4093; x_wconf 87' lang='lat' dir='ltr'><strong>ut</strong></span> <span class='ocrx_word' id='word_1_273' title='bbox 1073 4029 1122 4092; x_wconf 83' lang='lat' dir='ltr'><strong>vis</strong></span> <span class='ocrx_word' id='word_1_274' title='bbox 1138 4053 1312 4118; x_wconf 78' lang='lat' dir='ltr'><strong>generans</strong></span> <span class='ocrx_word' id='word_1_275' title='bbox 1334 4037 1370 4103; x_wconf 94' lang='lat' dir='ltr'>D</span> <span class='ocrx_word' id='word_1_276' title='bbox 1385 4022 1492 4121; x_wconf 61' lang='lat' dir='ltr'><strong>Kffid</strong></span> 
     </span>
    </p>
   </div>
   <div class='ocr_carea' id='block_1_4' title="bbox 213 4213 1494 4741">
    <p class='ocr_par' dir='ltr' id='par_1_4' title="bbox 213 4213 1494 4741">
     <span class='ocr_line' id='line_1_25' title="bbox 213 4213 1494 4290; baseline 0.003 -23"><span class='ocrx_word' id='word_1_277' title='bbox 213 4219 298 4269; x_wconf 80' lang='lat' dir='ltr'><strong>limum</strong></span> <span class='ocrx_word' id='word_1_278' title='bbox 308 4236 389 4269; x_wconf 83' lang='lat' dir='ltr'><strong>arcum</strong></span> <span class='ocrx_word' id='word_1_279' title='bbox 402 4236 472 4283; x_wconf 73' lang='lat' dir='ltr'><strong>quem</strong></span> <span class='ocrx_word' id='word_1_280' title='bbox 484 4236 569 4281; x_wconf 78' lang='lat' dir='ltr'><strong>eorpus</strong></span> <span class='ocrx_word' id='word_1_281' title='bbox 579 4221 605 4268; x_wconf 87' lang='lat' dir='ltr'><strong>in</strong></span> <span class='ocrx_word' id='word_1_282' title='bbox 621 4220 699 4268; x_wconf 83' lang='lat' dir='ltr'><strong>medio</strong></span> <span class='ocrx_word' id='word_1_283' title='bbox 716 4236 764 4268; x_wconf 91' lang='lat' dir='ltr'><strong>non</strong></span> <span class='ocrx_word' id='word_1_284' title='bbox 780 4221 848 4269; x_wconf 81' lang='lat' dir='ltr'><strong>resis-</strong></span> <span class='ocrx_word' id='word_1_285' title='bbox 879 4221 943 4268; x_wconf 81' lang='lat' dir='ltr'><strong>enirn</strong></span> <span class='ocrx_word' id='word_1_286' title='bbox 962 4221 1109 4269; x_wconf 79' lang='lat' dir='ltr'><strong>velocitatem</strong></span> <span class='ocrx_word' id='word_1_287' title='bbox 1125 4222 1234 4274; x_wconf 71' lang='lat' dir='ltr'><strong>habaet</strong></span> <span class='ocrx_word' id='word_1_288' title='bbox 1254 4242 1347 4290; x_wconf 66' lang='grc' dir='ltr'><strong>ωιμη</strong></span> <span class='ocrx_word' id='word_1_289' title='bbox 1364 4229 1390 4277; x_wconf 70' lang='lat' dir='ltr'>b</span> <span class='ocrx_word' id='word_1_290' title='bbox 1406 4227 1434 4281; x_wconf 67' lang='lat' dir='ltr'>n</span> <span class='ocrx_word' id='word_1_291' title='bbox 1448 4213 1494 4273; x_wconf 64' lang='grc' dir='ltr'><strong>αὖ</strong></span> 
     </span>
     <span class='ocr_line' id='line_1_26' title="bbox 213 4284 1494 4352; baseline 0.004 -21"><span class='ocrx_word' id='word_1_292' title='bbox 213 4292 277 4332; x_wconf 84' lang='lat' dir='ltr'><strong>tente</strong></span> <span class='ocrx_word' id='word_1_293' title='bbox 288 4285 416 4333; x_wconf 79' lang='lat' dir='ltr'><strong>oscillundo</strong></span> <span class='ocrx_word' id='word_1_294' title='bbox 427 4285 536 4333; x_wconf 80' lang='lat' dir='ltr'><strong>describit</strong></span> <span class='ocrx_word' id='word_1_295' title='bbox 551 4284 646 4333; x_wconf 80' lang='lat' dir='ltr'><strong>induas</strong></span> <span class='ocrx_word' id='word_1_296' title='bbox 660 4286 848 4348; x_wconf 74' lang='lat' dir='ltr'><strong>pertesaequales</strong></span> <span class='ocrx_word' id='word_1_297' title='bbox 879 4285 969 4332; x_wconf 68' lang='lat' dir='ltr'><strong>seclusi</strong></span> <span class='ocrx_word' id='word_1_298' title='bbox 990 4285 1054 4332; x_wconf 88' lang='lat' dir='ltr'><strong>omni</strong></span> <span class='ocrx_word' id='word_1_299' title='bbox 1075 4286 1216 4336; x_wconf 70' lang='lat' dir='ltr'><strong>maistentii</strong></span> <span class='ocrx_word' id='word_1_300' title='bbox 1248 4294 1401 4352; x_wconf 60' lang='lat' dir='ltr'><strong>pemn&#39;u</strong></span> <span class='ocrx_word' id='word_1_301' title='bbox 1421 4286 1494 4351; x_wconf 50' lang='grc' dir='ltr'>β</span> 
     </span>
     <span class='ocr_line' id='line_1_27' title="bbox 213 4346 1494 4414; baseline 0.003 -19"><span class='ocrx_word' id='word_1_302' title='bbox 213 4346 306 4395; x_wconf 74' lang='lat' dir='ltr'><strong>dividit.</strong></span> <span class='ocrx_word' id='word_1_303' title='bbox 881 4346 1494 4414; x_wconf 52' lang='lat' dir='ltr'><strong>CF-Cuetidedwermorbffl</strong></span> 
     </span>
     <span class='ocr_line' id='line_1_28' title="bbox 246 4408 1493 4480; baseline -0.005 -15"><span class='ocrx_word' id='word_1_304' title='bbox 246 4412 282 4477; x_wconf 84' lang='lat'><strong>(¹)</strong></span> <span class='ocrx_word' id='word_1_305' title='bbox 296 4417 309 4443; x_wconf 81' lang='lat'><em>⁰</em></span> <span class='ocrx_word' id='word_1_306' title='bbox 325 4414 356 4465; x_wconf 76' lang='lat' dir='ltr'><strong>Et</strong></span> <span class='ocrx_word' id='word_1_307' title='bbox 372 4415 415 4463; x_wconf 81' lang='lat' dir='ltr'><strong>crit</strong></span> <span class='ocrx_word' id='word_1_308' title='bbox 429 4415 484 4464; x_wconf 82' lang='lat' dir='ltr'><strong>CD</strong></span> <span class='ocrx_word' id='word_1_309' title='bbox 500 4424 526 4462; x_wconf 84' lang='lat' dir='ltr'><strong>at</strong></span> <span class='ocrx_word' id='word_1_310' title='bbox 543 4416 721 4475; x_wconf 67' lang='lat' dir='ltr'><strong>eisagramtote</strong></span> <span class='ocrx_word' id='word_1_311' title='bbox 736 4416 845 4471; x_wconf 81' lang='lat' dir='ltr'><strong>oriundo,</strong></span> <span class='ocrx_word' id='word_1_312' title='bbox 878 4413 903 4459; x_wconf 87' lang='lat' dir='ltr'><strong>in</strong></span> <span class='ocrx_word' id='word_1_313' title='bbox 915 4411 1333 4480; x_wconf 69' lang='lat' dir='ltr'><strong>locodhaberearalodmdt,</strong></span> <span class='ocrx_word' id='word_1_314' title='bbox 1348 4408 1493 4470; x_wconf 65' lang='lat' dir='ltr'><strong>airu!</strong></span> 
     </span>
     <span class='ocr_line' id='line_1_29' title="bbox 214 4475 978 4539; baseline 0.001 -16"><span class='ocrx_word' id='word_1_315' title='bbox 214 4475 257 4523; x_wconf 73' lang='lat' dir='ltr'><strong>dte.</strong></span> <span class='ocrx_word' id='word_1_316' title='bbox 275 4486 339 4537; x_wconf 81' lang='lat' dir='ltr'><strong>petet</strong></span> <span class='ocrx_word' id='word_1_317' title='bbox 350 4493 391 4537; x_wconf 78' lang='lat' dir='ltr'><strong>par</strong></span> <span class='ocrx_word' id='word_1_318' title='bbox 401 4476 527 4525; x_wconf 80' lang='lat' dir='ltr'><strong>demonstr.</strong></span> <span class='ocrx_word' id='word_1_319' title='bbox 545 4478 614 4539; x_wconf 87' lang='lat' dir='ltr'><strong>Prop.</strong></span> <span class='ocrx_word' id='word_1_320' title='bbox 628 4478 675 4526; x_wconf 87' lang='lat' dir='ltr'><strong>Ll.</strong></span> <span class='ocrx_word' id='word_1_321' title='bbox 690 4477 743 4524; x_wconf 75' lang='lat' dir='ltr'><strong>Lib,</strong></span> <span class='ocrx_word' id='word_1_322' title='bbox 759 4477 779 4524; x_wconf 90' lang='lat'><strong>1.</strong></span> <span class='ocrx_word' id='word_1_323' title='bbox 880 4477 978 4525; x_wconf 81' lang='lat' dir='ltr'><strong>nullam.</strong></span> 
     </span>
     <span class='ocr_line' id='line_1_30' title="bbox 247 4538 1493 4604; baseline -0.004 -10"><span class='ocrx_word' id='word_1_324' title='bbox 247 4538 284 4603; x_wconf 63' lang='lat'><strong>(⁸)</strong></span> <span class='ocrx_word' id='word_1_325' title='bbox 297 4545 311 4570; x_wconf 70' lang='lat'><em>⁶</em></span> <span class='ocrx_word' id='word_1_326' title='bbox 328 4544 404 4594; x_wconf 80' lang='lat' dir='ltr'><strong>Quom</strong></span> <span class='ocrx_word' id='word_1_327' title='bbox 422 4545 487 4590; x_wconf 71' lang='lat' dir='ltr'><strong>habet</strong></span> <span class='ocrx_word' id='word_1_328' title='bbox 506 4545 541 4590; x_wconf 80' lang='lat' dir='ltr'><strong>uis</strong></span> <span class='ocrx_word' id='word_1_329' title='bbox 559 4545 585 4590; x_wconf 77' lang='lat' dir='ltr'><strong>in</strong></span> <span class='ocrx_word' id='word_1_330' title='bbox 600 4544 626 4590; x_wconf 89' lang='lat' dir='ltr'>D</span> <span class='ocrx_word' id='word_1_331' title='bbox 642 4544 674 4587; x_wconf 85' lang='lat' dir='ltr'><strong>cd</strong></span> <span class='ocrx_word' id='word_1_332' title='bbox 687 4544 731 4589; x_wconf 80' lang='lat' dir='ltr'><strong>uim</strong></span> <span class='ocrx_word' id='word_1_333' title='bbox 747 4544 847 4602; x_wconf 70' lang='lat' dir='ltr'><strong>gratitu-</strong></span> <span class='ocrx_word' id='word_1_334' title='bbox 913 4540 949 4603; x_wconf 54' lang='grc' dir='ltr'><strong>(ι)</strong></span> <span class='ocrx_word' id='word_1_335' title='bbox 963 4545 975 4570; x_wconf 76' lang='lat'>&#39;</span> <span class='ocrx_word' id='word_1_336' title='bbox 989 4542 1029 4588; x_wconf 75' lang='lat' dir='ltr'><strong>Ad</strong></span> <span class='ocrx_word' id='word_1_337' title='bbox 1045 4544 1094 4590; x_wconf 79' lang='lat' dir='ltr'><strong>eim</strong></span> <span class='ocrx_word' id='word_1_338' title='bbox 1109 4557 1278 4604; x_wconf 62' lang='lat' dir='ltr'><strong>gemm</strong></span> <span class='ocrx_word' id='word_1_339' title='bbox 1296 4555 1320 4601; x_wconf 78' lang='lat' dir='ltr'><em>c</em></span> <span class='ocrx_word' id='word_1_340' title='bbox 1326 4552 1361 4601; x_wconf 73' lang='lat'><strong>1),</strong></span> <span class='ocrx_word' id='word_1_341' title='bbox 1394 4538 1493 4597; x_wconf 56' lang='lat' dir='ltr'><strong>&amp;nd</strong></span> 
     </span>
     <span class='ocr_line' id='line_1_31' title="bbox 214 4604 1494 4699; baseline 0.003 -46"><span class='ocrx_word' id='word_1_342' title='bbox 214 4604 305 4699; x_wconf 62' lang='lat' dir='ltr'><strong>tinper</strong></span> <span class='ocrx_word' id='word_1_343' title='bbox 317 4606 373 4653; x_wconf 86' lang='lat' dir='ltr'><strong>Cor.</strong></span> <span class='ocrx_word' id='word_1_344' title='bbox 389 4611 409 4652; x_wconf 85' lang='lat' dir='ltr'><strong>l·</strong></span> <span class='ocrx_word' id='word_1_345' title='bbox 425 4606 494 4667; x_wconf 83' lang='lat' dir='ltr'><strong>Prop.</strong></span> <span class='ocrx_word' id='word_1_346' title='bbox 510 4606 555 4653; x_wconf 90' lang='lat' dir='ltr'><strong>Ll.</strong></span> <span class='ocrx_word' id='word_1_347' title='bbox 570 4614 652 4653; x_wconf 81' lang='lat' dir='ltr'><strong>ctnot</strong></span> <span class='ocrx_word' id='word_1_348' title='bbox 664 4609 718 4653; x_wconf 77' lang='lat'><strong>462.</strong></span> <span class='ocrx_word' id='word_1_349' title='bbox 740 4605 791 4651; x_wconf 88' lang='lat' dir='ltr'><strong>Lib.</strong></span> <span class='ocrx_word' id='word_1_350' title='bbox 808 4606 829 4651; x_wconf 92' lang='lat' dir='ltr'><strong>I.</strong></span> <span class='ocrx_word' id='word_1_351' title='bbox 878 4605 1028 4652; x_wconf 77' lang='lat' dir='ltr'><strong>velociurum</strong></span> <span class='ocrx_word' id='word_1_352' title='bbox 1046 4605 1170 4656; x_wconf 63' lang='lat' dir='ltr'><strong>elmenh</strong></span> <span class='ocrx_word' id='word_1_353' title='bbox 1193 4609 1256 4660; x_wconf 72' lang='lat' dir='ltr'><strong>dno</strong></span> <span class='ocrx_word' id='word_1_354' title='bbox 1278 4613 1390 4675; x_wconf 60' lang='lat' dir='ltr'><strong>tempi</strong></span> <span class='ocrx_word' id='word_1_355' title='bbox 1406 4612 1494 4658; x_wconf 51' lang='lat' dir='ltr'>ss</span> 
     </span>
     <span class='ocr_line' id='line_1_32' title="bbox 248 4667 1424 4741; baseline 0.004 -23"><span class='ocrx_word' id='word_1_356' title='bbox 248 4667 376 4731; x_wconf 77' lang='lat' dir='ltr'><strong>()·En·s</strong></span> <span class='ocrx_word' id='word_1_357' title='bbox 392 4672 425 4718; x_wconf 81' lang='grc' dir='ltr'><em>Μ</em></span> <span class='ocrx_word' id='word_1_358' title='bbox 437 4672 543 4719; x_wconf 59' lang='lat' dir='ltr'><strong>masau</strong></span> <span class='ocrx_word' id='word_1_359' title='bbox 558 4686 635 4733; x_wconf 57' lang='lat' dir='ltr'><strong>pom,</strong></span> <span class='ocrx_word' id='word_1_360' title='bbox 654 4669 697 4716; x_wconf 75' lang='lat' dir='ltr'><strong>&amp;c</strong></span> <span class='ocrx_word' id='word_1_361' title='bbox 730 4668 848 4717; x_wconf 76' lang='lat' dir='ltr'><strong>Eandem</strong></span> <span class='ocrx_word' id='word_1_362' title='bbox 879 4669 965 4733; x_wconf 72' lang='lat' dir='ltr'><strong>genita,</strong></span> <span class='ocrx_word' id='word_1_363' title='bbox 977 4669 1307 4741; x_wconf 61' lang='lat' dir='ltr'><strong>armamentum.</strong></span> <span class='ocrx_word' id='word_1_364' title='bbox 1319 4679 1373 4729; x_wconf 67' lang='lat' dir='ltr'><strong>ns</strong></span> <span class='ocrx_word' id='word_1_365' title='bbox 1386 4676 1424 4737; x_wconf 60' lang='lat'><strong>1.)</strong></span> 
     </span>
    </p>
   </div>
   <div class='ocr_carea' id='block_1_5' title="bbox 0 0 1554 5520">
    <p class='ocr_par' dir='ltr' id='par_1_5' title="bbox 0 0 1554 5520">
     <span class='ocr_line' id='line_1_33' title="bbox 0 0 1554 5520; baseline 0 0"><span class='ocrx_word' id='word_1_366' title='bbox 0 0 1554 5520; x_wconf 95' lang='lat' dir='ltr'><strong> </strong></span> 
     </span>
    </p>
   </div>
   <div class='ocr_carea' id='block_1_6' title="bbox 1533 39 1539 1019">
    <p class='ocr_par' dir='ltr' id='par_1_6' title="bbox 1533 39 1539 1019">
     <span class='ocr_line' id='line_1_34' title="bbox 1533 39 1539 1019; baseline 0 0"><span class='ocrx_word' id='word_1_367' title='bbox 1533 39 1539 1019; x_wconf 95' lang='lat' dir='ltr'><strong> </strong></span> 
     </span>
    </p>
   </div>
   <div class='ocr_carea' id='block_1_7' title="bbox 1530 2830 1542 5045">
    <p class='ocr_par' dir='ltr' id='par_1_7' title="bbox 1530 2830 1542 5045">
     <span class='ocr_line' id='line_1_35' title="bbox 1530 2830 1542 5045; baseline 0 0"><span class='ocrx_word' id='word_1_368' title='bbox 1530 2830 1542 5045; x_wconf 95' lang='lat' dir='ltr'><strong> </strong></span> 
     </span>
    </p>
   </div>
  </div>
 </body>
</html>
