3098 5534
66 380 181 454 Lraaa
197 379 362 461 Paratus]
410 377 654 446 PRINCIPIA
678 376 1054 445 MATHEMATICA.
1298 383 1359 472 311,
1419 436 1421 438 ,

568 809 756 886 SECTIO
778 809 852 884 XI.
880 808 884 820 '

140 1023 201 1095 De
219 1033 311 1096 motu
327 1044 515 1118 corporum
532 1021 664 1094 uiribus
680 1019 880 1118 centripetis
896 1041 934 1092 se
951 1028 1067 1091 mutuo
1079 1016 1279 1113 petentium.

105 1245 274 1314 Hactenus
289 1244 424 1328 exposui
439 1258 543 1307 motus
559 1265 726 1328 corporum
743 1254 947 1307 attractorum
963 1242 1004 1306 ad
1027 1254 1169 1306 centrum
1192 1240 1363 1318 immobile,

62 1357 155 1443 quale
170 1350 276 1421 tamen
290 1355 344 1419 vix
360 1368 447 1419 extat
461 1357 494 1418 in
510 1379 615 1420 rerum
631 1355 751 1421 naturai.
799 1358 1013 1422 Attnrctiones
1028 1358 1112 1422 enim
1125 1357 1197 1421 fieri
1212 1357 1314 1422 solent
1325 1357 1365 1421 ad

62 1485 216 1548 corpora3
240 1475 456 1546 etcorporum
472 1462 662 1527 trahentium
677 1475 709 1527 et
723 1474 927 1528 attractorum
942 1465 1080 1529 actiones
1102 1486 1226 1548 semper
1247 1477 1366 1528 mutuae

62 1587 135 1637 sunt
150 1586 182 1638 et
196 1572 344 1659 oequales,
360 1595 418 1657 per
432 1572 535 1660 legem
549 1573 691 1637 tertiam:
715 1573 795 1637 adeo
810 1586 846 1638 ut
860 1595 963 1661 neque
977 1572 1136 1638 attrahens
1148 1573 1248 1658 possit
1262 1573 1367 1659 quies-

60 1703 131 1744 cere
146 1703 250 1765 neque
264 1692 441 1757 attractum,
458 1680 484 1744 si
507 1679 571 1743 duo
596 1680 658 1744 sint
676 1701 818 1765 corpora,
836 1680 893 1746 sed
916 1681 951 1766 (⁵)
975 1679 1069 1745 ambo
1093 1683 1163 1765 (per
1177 1677 1284 1768 legum
1302 1681 1366 1746 Co·

62 1787 225 1850 rollarium
241 1787 401 1872 quartum)
424 1786 512 1872 quasi
538 1786 723 1851 attractione
748 1785 868 1865 mutual,
894 1787 1012 1850 circum
1037 1785 1197 1875 gravitatis
1223 1798 1366 1851 centrum

62 1916 230 1958 commune
246 1894 466 1958 revolvantur:
490 1907 522 1958 et
536 1894 562 1959 si
577 1894 670 1979 plura
684 1894 746 1958 sint
760 1917 904 1979 corpora,
927 1916 999 1980 quae
1021 1894 1070 1959 vel
1092 1894 1134 1959 ab
1157 1894 1249 1958 unico
1270 1907 1366 1958 attra-

60 2001 185 2077 hantur,
202 2015 234 2066 et
248 2001 332 2065 idern
347 2000 515 2079 attrahant,
532 2001 582 2065 vel
597 2002 705 2065 omnia
719 2025 753 2066 se
767 2014 878 2068 mutuo
893 2001 1071 2078 attrahant3
1094 2000 1164 2065 haec
1179 2001 1223 2065 ita
1234 2001 1316 2065 inter
1327 2024 1362 2066 se

58 2113 178 2177 moveri
194 2112 340 2189 debeant,
358 2123 394 2174 ut
407 2111 566 2198 gravitatis
582 2125 724 2178 centrum
740 2134 907 2178 commune
928 2112 977 2178 vel
997 2113 1153 2198 quiescat,
1177 2112 1228 2176 vel
1243 2111 1364 2175 unifor-

59 2224 152 2288 miter
166 2236 330 2287 moveatur
344 2223 378 2284 in
394 2222 559 2288 directum.
606 2223 679 2300 Qua
695 2223 736 2288 de
759 2223 852 2288 eausa
871 2224 939 2309 jam
953 2244 1053 2310 pergo
1067 2235 1188 2286 motum
1204 2244 1366 2306 exponere

59 2358 229 2421 corporum
245 2355 279 2398 se
294 2346 405 2400 mutuo
429 2334 630 2410 trahentium,
655 2332 886 2398 considerando
900 2331 983 2397 vires
1005 2331 1193 2416 centripetas
1217 2342 1366 2417 tanquam

59 2445 269 2522 attractiones,
290 2449 432 2531 quamvis
447 2443 588 2519 sortasse,
605 2443 630 2504 si
645 2430 775 2528 physice
789 2442 966 2529 loquamur,
980 2440 1082 2504 verius
1093 2439 1238 2504 dicantur
1252 2440 1366 2525 impul·

60 2577 123 2621 sus.
168 2560 208 2622 ln
223 2554 451 2619 mathematicis
467 2552 551 2616 eninr
561 2554 628 2638 jam
643 2574 827 2628 versamur3
850 2563 883 2617 et
902 2564 1079 2637 propterea,
1100 2550 1207 2615 missis.
1225 2550 1366 2636 disputa·

59 2667 197 2732 tionibus
220 2664 368 2750 physicis,
392 2660 537 2725 familiari
563 2660 682 2725 utimur
707 2682 860 2739 sermone,
888 2682 952 2746 quo
976 2660 1131 2744 possimus
1154 2683 1174 2724 a
1196 2650 1367 2726 lectoribus

60 2774 288 2840 mathematicis
304 2771 423 2836 facilius
439 2770 581 2858 intelligi.

288 3039 578 3106 PROPOSITIO
601 3039 709 3105 LVIl.
755 3037 1031 3106 THEOREMA
1054 3040 1137 3106 XX.

62 3235 195 3315 Corpora
221 3232 256 3312 (ἴ)
280 3233 338 3294 duo
353 3253 383 3294 se
398 3233 518 3295 inuicem
534 3232 686 3295 trahentia
701 3231 877 3309 describam,
901 3241 931 3295 et
944 3232 1051 3294 circum
1065 3252 1213 3294 commune
1233 3241 1363 3294 teretrum
1388 3306 1394 3318 ι

324 3343 498 3423 gravitatis,
514 3351 543 3404 et
553 3342 660 3404 circam
675 3361 706 3405 se
719 3336 953 3424 matehstgaras
966 3343 1085 3406 similes.

106 3541 187 3603 Sunt
211 3537 251 3622 (¹¹)
276 3536 358 3599 enirn
377 3536 532 3599 distantiae
547 3557 716 3620 corporum
740 3536 937 3607 acommuni
963 3537 1125 3624 gravitatis
1151 3551 1260 3603 centro
1285 3538 1365 3602 reci·

59 3648 154 3735 proce
170 3647 421 3732 proportionales
437 3646 633 3730 corporibus,
649 3659 743 3731 atque
758 3645 831 3709 ideo
846 3646 878 3709 in
894 3645 966 3710 datia
982 3647 1102 3710 ratione
1117 3647 1316 3726 adinvicem,
1333 3661 1366 3729 et

60 3757 280 3840 componendo
295 3757 328 3818 in
343 3756 416 3819 data
432 3756 553 3818 ratione
569 3754 609 3818 ad
625 3753 809 3818 distantiam·
819 3765 918 3818 totam
933 3755 1016 3818 inter
1027 3778 1169 3840 corpora.
1206 3757 1365 3821 Feruntur

59 3879 163 3929 autem
178 3865 230 3928 lroe
245 3865 402 3928 distantiae
418 3866 535 3927 circum
551 3865 719 3928 terminum
736 3887 828 3929 suum
843 3887 1045 3929 communem
1062 3867 1175 3950 aequali
1199 3882 1286 3930 motu
1310 3870 1377 3931 arri

57 3976 171 4063 gulari,
187 3988 356 4059 propterea
371 3974 457 4060 quod
472 3975 504 4037 in
520 3974 674 4039 directum
690 3997 814 4079 pemper
833 3976 974 4061 jacentes
996 3998 1061 4040 non
1085 3992 1209 4042 mutant
1231 3978 1365 4059 inclina·

92 4173 123 4239 (⁹)
142 4176 155 4202 0
174 4176 218 4221 Sed
228 4176 293 4221 ambo
310 4173 363 4234 (per
373 4175 415 4234 teg.
432 4174 504 4221 Ceret.
519 4175 560 4234 4.)
576 4187 642 4234 quan
657 4181 694 4220 at·
726 4170 846 4234 pergendo
857 4169 886 4219 de
899 4171 916 4220 S
927 4171 958 4220 ad
970 4172 992 4220 T
1003 4182 1027 4220 et
1043 4171 1073 4220 da
1086 4173 1147 4221 Parl
1161 4173 1194 4230 Q,
1211 4172 1298 4221 similes
1308 4169 1364 4225 runt

56 4243 168 4288 tructione
179 4237 263 4286 mutati
281 4237 316 4283 vel
329 4237 358 4283 ad
370 4253 394 4283 se
405 4237 505 4283 invicem
513 4235 576 4282 recta
587 4235 649 4283 lineri
659 4235 694 4283 fe·
726 4237 764 4283 ha
780 4235 863 4300 figurae
878 4245 986 4299 quatuor,
1004 4237 1117 4285 nimirum
1136 4238 1157 4284 P
1179 4238 1204 4293 Q
1222 4238 1250 4294 C,
1269 4239 1286 4286 S
1299 4241 1321 4288 T
1334 4243 1363 4300 C,

56 4305 146 4360 rantur,
160 4303 204 4360 vel,
217 4302 236 4348 si
247 4305 317 4348 ambo
328 4303 350 4346 vi
366 4299 477 4361 impressi
492 4299 587 4362 oblique
602 4300 695 4363 projici·
727 4316 785 4363 quas
796 4315 893 4360 corpora
911 4302 927 4349 S
946 4313 969 4348 et
988 4303 1011 4354 P
1026 4303 1088 4349 circa
1103 4317 1229 4349 commune
1245 4304 1365 4365 gravitatis

56 4380 138 4424 untur,
151 4372 237 4415 circum
248 4369 366 4425 prauitatis
382 4376 488 4414 centrum
505 4383 627 4413 comnruue
643 4369 695 4428 qui·
727 4376 835 4413 centrum
849 4365 1022 4424 cdescribum,
1040 4377 1092 4415 tum
1103 4366 1177 4429 ligura
1194 4381 1211 4426 p
1227 4368 1281 4424 ΩΤ
1291 4385 1364 4432 qum

55 4451 132 4481 creent
143 4442 184 4479 aut
196 4433 496 4496 tinfirrnriterprogredr'eas
507 4432 660 4479 revolvamur.
727 4444 812 4490 corpus
836 4429 858 4476 P
877 4430 986 4478 describit
1004 4432 1066 4479 circa
1086 4446 1171 4492 corpus
1194 4437 1212 4481 S
1233 4444 1363 4495 §pontum

89 4498 122 4562 (‘)
143 4502 154 4525 '
175 4500 275 4557 (f'urpora
292 4499 346 4541 uuo.
382 4495 396 4550 (
403 4497 451 4542 Vitl.
462 4498 510 4559 fig.
524 4498 550 4542 in
561 4497 610 4544 rub.
621 4498 693 4556 pag.)
726 4503 839 4571 tanquam
858 4494 991 4553 immotum,
1011 4506 1035 4544 et
1052 4496 1129 4559 figura
1145 4514 1165 4544 rr
1176 4495 1199 4545 Τ
1212 4497 1243 4557 Q,
1261 4501 1363 4564 quams

57 4562 83 4609 Si
100 4577 196 4624 corpora
208 4563 256 4607 duo
270 4560 294 4616 S,
314 4558 336 4604 P
347 4574 371 4604 se
382 4558 482 4605 invicem
494 4558 608 4606 trahentia
619 4557 694 4605 revol-
726 4557 787 4605 circa
799 4558 821 4604 P
832 4558 939 4606 similiter
949 4571 1079 4620 spectatum
1091 4560 1206 4610 describit.

55 4638 140 4674 rantur
160 4624 221 4673 circrl
243 4637 370 4671 commune
393 4624 512 4686 gravitatis
533 4633 641 4671 centrum
665 4623 693 4680 C,
759 4623 795 4689 (ι)
815 4627 827 4655 ⁰
846 4628 907 4672 Sunt
923 4627 986 4674 nura
1002 4628 1116 4676 distantia
1131 4644 1253 4690 ωηιυηιηι
1269 4647 1284 4679 a
1300 4647 1361 4679 ωρι.
1414 4639 1418 4645 ·

687 4686 738 4736 Ut
