3098 5534
95 374 212 441 Lrntn
236 368 406 455 Panna]
452 372 692 443 PRINClPlA
715 377 1085 450 MATHEMATICA.
1346 400 1390 457 69

142 550 214 614 Cas.
238 552 270 612 2.
287 545 341 624 Et,
364 566 423 629 per
434 546 557 634 Legum
573 546 781 615 Corollnrium
796 553 948 638 quintum,
963 556 1094 640 perinde
1108 568 1163 635 est,
1177 557 1240 620 sive
1256 556 1392 643 quiesoet

95 654 290 739 superficies,
320 656 356 718 in
378 653 439 741 qui
462 674 575 740 corpus
598 654 744 721 describit
764 659 897 745 figuram
920 663 1128 743 curvilineam,
1152 664 1390 730 siremoveatur

99 759 214 825 eadem
238 758 304 824 und
329 782 402 824 cum
416 781 555 846 corpore,
579 758 678 847 figuris
704 762 868 850 descripti,
892 779 924 831 et
945 782 1063 852 puncto
1086 792 1143 835 suo
1159 769 1391 836 Sunifornriter

96 889 134 933 m
146 867 312 931 directum,

143 975 242 1038 Corvi.
269 982 297 1038 1.
320 972 361 1037 In
376 973 482 1057 spatiis
496 972 545 1037 rel
559 973 669 1038 mediis
691 997 755 1038 non
770 977 988 1058 resistentibus,
1009 981 1035 1043 si
1050 1003 1131 1046 areoe
1144 1003 1210 1045 non
1224 992 1296 1049 sunt
1309 993 1388 1046 teru-

95 1080 228 1164 poribus
240 1080 500 1164 proportionales,
522 1080 602 1144 vires
617 1102 682 1143 non
703 1082 835 1146 tendunt
859 1084 900 1147 ad
921 1108 1107 1151 concursum
1132 1088 1304 1166 radiorum3
1328 1094 1366 1176 (¹
1376 1094 1389 1176 l

95 1186 154 1251 sed
168 1185 244 1250 indi
257 1186 416 1250 declinant
429 1187 462 1249 in
477 1188 704 1272 consequentia,
727 1211 781 1251 seu
795 1212 901 1254 versus
922 1191 1047 1281 plagam
1068 1194 1100 1256 in
1116 1217 1210 1280 quam
1223 1196 1261 1260 fit
1273 1210 1388 1277 motus,

95 1294 124 1357 si
139 1291 237 1356 modo
252 1314 396 1357 arearum
410 1290 577 1377 descriptio
603 1294 810 1360 acceleratur:
834 1298 881 1360 sin
895 1298 1079 1376 retardatur,
1106 1300 1263 1367 declinant
1285 1304 1318 1367 in
1333 1328 1389 1370 an·

95 1399 281 1463 recedentia.

143 1507 245 1569 Corol.
267 1513 297 1568 2.
321 1502 382 1589 (l)
406 1504 444 1568 ln
458 1506 568 1570 mediis
583 1508 677 1572 etiam
701 1510 923 1589 resistentibus,
950 1513 976 1577 si
1001 1536 1143 1578 arearum
1157 1514 1325 1603 descriptio
1339 1543 1391 1585 ao·

96 1612 265 1688 celeratur,
281 1610 394 1673 virium
409 1611 593 1678 directiones
609 1612 765 1682 declinant
778 1615 959 1685 iconcursu
970 1620 1128 1687 radiorum
1139 1646 1244 1691 versus
1254 1627 1390 1714 plagam,

93 1719 131 1781 in
146 1738 243 1803 quam
256 1716 293 1780 fit
306 1728 420 1781 motus.

669 1889 827 1957 Scholium.

143 2051 265 2140 Urgeri
296 2062 401 2137 potest
414 2073 527 2136 corpus
542 2049 561 2113 i
575 2051 605 2114 vi
616 2053 785 2137 centripeti
801 2056 1018 2139 compositslex
1027 2059 1168 2142 pluribus
1183 2059 1307 2124 viribus·
1351 2063 1391 2127 ln

99 2158 165 2222 hoc
181 2180 256 2223 casu
271 2181 380 2223 sensus
395 2158 615 2241 propositionis
631 2172 687 2236 est,
703 2159 788 2244 quod
803 2161 848 2223 vis
862 2162 916 2226 illa
928 2186 999 2248 quae
1020 2186 1061 2229 ex
1075 2166 1218 2230 omnibus
1233 2170 1394 2251 componi-

98 2278 162 2341 tur,
180 2265 282 2329 tendit
296 2264 337 2328 ad
358 2277 508 2348 punctum
526 2265 557 2329 S·
602 2263 655 2348 (¹)
680 2265 781 2329 Porro
795 2267 821 2329 si
835 2267 880 2331 vis
892 2268 995 2353 aliqua
1009 2284 1081 2357 agat
1108 2270 1259 2355 perpetub
1284 2297 1395 2338 secun·

100 2370 182 2433 duni
198 2371 313 2433 lineam
329 2370 505 2453 superficiei
520 2369 683 2454 descripta·
705 2372 1008 2455 perpendicularem
1031 2376 1099 2439 boec
1120 2377 1211 2442 faciet
1231 2391 1267 2442 ut
1281 2401 1396 2464 corpus

100 2476 290 2540 deflectatur
304 2473 323 2538 ri
336 2475 432 2559 plano
443 2477 489 2538 sui
504 2490 627 2539 motus:
651 2475 706 2539 sed
721 2478 923 2563 quantitatem
949 2483 1123 2565 superficiei
1148 2483 1312 2569 descriptae
1337 2507 1396 2550 nec

99 2583 233 2671 augebit
246 2603 305 2647 neo
319 2582 448 2660 minuet,
465 2595 496 2646 et
508 2595 680 2667 propterea
688 2583 721 2646 in
736 2585 962 2669 compositione
972 2588 1084 2652 virium
1095 2590 1282 2677 negligenda
1295 2604 1351 2659 est

366 2812 657 2880 PROPOSITIO
679 2814 742 2879 111.
774 2814 1045 2883 THEOREMA
1068 2817 1131 2885 Ill.

98 2938 218 3019 Corpus
232 2957 325 3012 otene,
350 2939 429 3019 quod
453 2940 540 3001 radio
562 2941 605 3000 ad
626 2949 755 3002 centmm
776 2943 907 3024 corporis
921 2943 1043 3006 alterius
1056 2953 1198 3028 utcunque
1216 2949 1289 3009 moti
1308 2949 1393 3012 dicto

136 3042 278 3105 describit
299 3063 392 3105 arear
415 3045 495 3106 circo
520 3054 646 3107 centmm
672 3046 749 3107 illud
769 3048 943 3128 tenporibus
963 3051 1212 3131 proportionales,
1228 3063 1349 3136 urgetur
1362 3057 1393 3118 ui

139 3147 302 3231 compositi
316 3173 354 3214 ee
368 3152 399 3213 vi
422 3153 584 3233 centrtpetd
613 3154 748 3216 tendente
761 3156 804 3216 ad
816 3176 919 3235 corpus
935 3156 1012 3218 illud
1025 3160 1158 3235 ulterram,
1174 3169 1202 3221 et
1217 3183 1254 3222 er
1267 3163 1298 3241 ui
1312 3164 1392 3226 ornni

139 3255 348 3318 acceleratrice
361 3253 420 3339 qui
434 3278 537 3339 coaptes
551 3259 628 3320 illud
641 3260 764 3321 alterum
777 3270 906 3343 urgetur.

147 3434 210 3523 (ι)
233 3376 284 3500 bit
311 3457 425 3521 corpus
452 3437 587 3522 primum
617 3436 656 3514 L,
680 3449 712 3501 et
740 3458 852 3522 corpus
893 3436 1024 3503 alterurn
1042 3439 1093 3505 T:
1131 3456 1162 3506 et
1190 3447 1260 3527 (per
1285 3442 1390 3530 legum

124 3648 180 3714 (⁸)
198 3654 250 3697 1¹18.
266 3648 312 3696 Sed
321 3646 380 3696 indi
390 3645 509 3695 detinent
520 3647 544 3694 in
560 3646 729 3709 munientia.
762 3647 908 3708 scriptionem
919 3646 990 3695 etiam
1000 3645 1091 3695 mblati
1108 3647 1179 3696 medii
1190 3648 1317 3696 resistendi
1326 3664 1392 3699 acoe-

95 3714 116 3761 si
127 3712 202 3761 morli
211 3727 319 3760 mmm
335 3712 459 3773 descriptio
474 3711 629 3758 acceleretur:
649 3711 684 3757 sin
695 3726 731 3757 re-
763 3711 830 3759 lersri
841 3720 953 3771 oportere,
962 3727 992 3786 ,⁸⁰
1009 3709 1107 3771 proindd
1123 3727 1164 3772 per
1176 3712 1262 3785 Coroll.
1278 3728 1293 3759 u
1306 3713 1391 3787 riflum

95 3777 210 3829 tardetur.
238 3776 357 3823 declinant
377 3776 403 3821 in
424 3775 590 3823 antecedentia.
625 3775 689 3849 llam
709 3775 729 3821 si
762 3775 899 3823 directiones
910 3774 1174 3849 declinaredconcurau
1191 3775 1315 3832 radiorum,
1327 3778 1389 3835 rus,

95 3840 245 3903 triangulum
266 3840 317 3887 SB
331 3840 359 3895 C,
381 3838 470 3901 equale
491 3854 538 3885 non
558 3848 593 3885 est
613 3837 730 3898 mangulo
761 3837 1196 3913 versbsplegsrnrnquamttit'motus.

98 3906 154 3952 SA
169 3904 199 3959 1³,
221 3919 263 3951 seu
276 3905 293 3951 S
304 3905 327 3952 B
338 3918 360 3959 c,
382 3902 464 3950 eodem
488 3912 592 3962 ternpore
609 3901 728 3961 descripto.
793 3903 836 3965 (¹)
855 3908 908 3949 180.
929 3900 1031 3976 Porrbu
1051 3900 1391 3977 ruplhporpetudseeunddm

95 3968 228 4024 mee,
250 3982 306 4042 non·
320 3967 364 4043 erit
385 3965 496 4040 parellela
516 3966 584 4012 linem
608 3965 667 4021 BS,
689 3964 730 4011 sed
762 3964 849 4013 lineam
879 3964 1007 4041 superficiei
1032 3965 1152 4025 descripto
1177 3965 1391 4040 perpendicularem

96 4031 382 4170 &timim
390 4027 731 4201 isssrtffittslf‘ffi
762 4028 1392 4202 isslfflllffmdflilffffiffi.

95 4159 396 4284 mma
406 4155 637 4294 ditabit,
650 4170 729 4272 sii,
762 4157 1392 4295 'iiimsslg‘iroeliiiil‘l‘ssilpiiili'aid

96 4287 187 4334 mium
224 4283 305 4338 Quare
321 4284 356 4330 ris
372 4292 498 4343 eenmpeta
509 4299 534 4328 tn
555 4284 581 4338 li,
604 4297 675 4345 agens
693 4298 729 4329 ae-
760 4294 843 4333 srtrone
855 4298 939 4329 vinum
950 4299 975 4328 rn
987 4283 1057 4342 plano
1067 4291 1186 4357 agennum
1198 4282 1390 4345 negligendum.

97 4348 207 4399 amum
225 4346 376 4395 directionem
394 4346 528 4407 penllelaur
548 4345 682 4401 bneoeCc,
703 4346 729 4393 in
793 4349 841 4410 (1)
862 4351 913 4393 181.
950 4348 1040 4406 Corpus
1061 4346 1090 4401 L,
1121 4344 1181 4393 curri
1198 4347 1298 4421 alterurn
1317 4348 1347 4406 T,
1366 4349 1392 4398 in

97 4414 178 4476 pino
187 4426 244 4459 com
255 4410 356 4459 declinat
366 4411 392 4457 in
403 4411 574 4471 consequentia,
593 4408 619 4454 in
630 4409 732 4456 seeundo
764 4410 834 4457 curvi
848 4412 871 4457 A
885 4410 906 4457 L
920 4411 949 4466 B,
961 4409 993 4456 iti
1004 4409 1140 4465 revolvatur,
1152 4418 1180 4456 ut
1190 4409 1249 4456 circel
1264 4409 1328 4457 illus
1338 4427 1396 4460 oen·

96 4473 496 4551 mrdstlirntinmtecedentit·
587 4536 593 4548 .
764 4473 1164 4549 nurnT,sernperdescnbatareas
1180 4474 1322 4533 temporibus
1339 4490 1393 4553 pro:

130 4538 181 4615 (ι)
201 4544 255 4589 179.
276 4537 338 4587 Com
349 4553 414 4586 eorm
434 4537 539 4585 medium
550 4544 639 4584 resistat
648 4537 735 4584 accele-
765 4538 911 4599 portronules,
926 4536 984 4584 ddm
1002 4546 1102 4612 rntcrrm·
1113 4552 1197 4612 copus
1215 4538 1245 4594 T,
1263 4549 1360 4601 urgetur
1369 4556 1393 4587 rr

97 4600 675 4665 mffipanunnmnluueamm
694 4600 921 4713 de-Eaeoeleraoice
939 4599 1393 4665 mundbmdrrectrouemmetpst
