3098 5534
587 392 851 460 PRAEFATIO.
1295 389 1361 451 xvii

53 590 89 632 su
104 565 148 631 ad
170 564 327 644 centrum,
342 564 478 632 dimInui
494 568 528 632 in
542 589 668 634 moestu
682 569 723 636 ab
739 569 871 633 eodem:
894 580 926 632 et
940 567 1050 655 augeri
1061 565 1187 653 quidem
1202 566 1234 627 in
1250 564 1361 629 eadem

53 678 265 764 proportione
279 705 344 770 qna
357 682 544 750 diminuitur
558 684 746 772 quadratum
760 682 927 759 distmtioe,
944 678 1077 744 diminui
1097 680 1131 742 ln
1153 678 1264 742 eadem
1285 698 1361 761 pro·

54 788 205 874 portione
227 790 291 877 qui
313 791 471 857 distantiae
496 792 686 880 quadratum
710 803 853 879 augetur.
899 787 1073 853 Videamus
1093 788 1172 873 jam,
1197 807 1368 870 compara·-

60 900 146 964 tione
159 898 305 965 instituta
317 901 400 968 inter
414 900 613 988 planetarum
629 902 712 966 vires
737 882 925 985 centripetas
941 898 1051 964 etnim
1066 895 1239 984 gravitatis,
1255 906 1370 958 annon¹

62 1009 204 1095 ejusdem
218 1010 306 1075 forte
328 1012 392 1076 sint
413 1010 548 1100 generis.
594 1011 747 1096 Ejusdem
767 1008 843 1074 verb
862 1007 987 1096 generis
1010 1017 1112 1082 erunt,
1136 1005 1163 1068 si
1185 1001 1362 1088 deprehen·

60 1117 181 1183 dantur
195 1118 273 1184 binc
286 1132 320 1184 et
333 1119 409 1184 inde
424 1120 510 1208 leges
526 1120 657 1197 eoedenr,
682 1120 865 1206 eoedemque
887 1117 1078 1182 affectiones.
1125 1114 1234 1209 Primo
1256 1114 1372 1199 itaque¹

58 1227 171 1304 lune,
183 1248 258 1313 quae
272 1228 365 1293 nobis
378 1228 526 1312 proxima
541 1242 597 1307 est,
620 1229 683 1293 vim
699 1229 902 1313 centripetam
920 1224 1144 1311 expendamus.

106 1330 1362 1425 ffiroefl'nmqoeaoorpon’buseqnieoedamiaaisdatotemporesub

61 1448 136 1533 ipso
163 1457 272 1511 motus
297 1446 389 1511 initio
412 1447 642 1526 describuntur,
665 1448 721 1513 ubi
746 1470 765 1511 a
788 1446 906 1511 viribus
932 1445 1170 1532 quibuscunque
1194 1438 1373 1529 urgentur,

58 1557 316 1643 proportionalia
333 1571 408 1622 sunt
423 1559 499 1643 ipsis
522 1558 660 1622 viribus:
683 1558 745 1623 hoc
766 1558 875 1644 ntique
897 1554 1099 1641 consequitur
1119 1575 1161 1618 ex
1186 1551 1363 1615 ratiociniis
1419 1626 1429 1641 ,

62 1664 308 1731 mathematicis.
356 1646 427 1730 Erit
441 1665 537 1754 igitur
551 1666 598 1729 vis
618 1665 792 1750 centripeta
805 1665 891 1728 lunae
912 1664 944 1726 in
968 1661 1069 1727 orbiti
1085 1661 1141 1725 sui
1158 1658 1375 1735 revolventis,

61 1775 103 1839 ad
124 1775 190 1838 vim
213 1774 377 1862 gravitatis
398 1775 432 1838 in
455 1775 620 1861 superficie
642 1788 746 1853 terrae,
773 1787 809 1839 ut
831 1774 966 1860 spatium
992 1772 1077 1859 quod
1099 1785 1243 1856 tempore
1265 1768 1360 1856 quim

60 1885 197 1949 minimo
213 1884 410 1951 describeret
431 1883 507 1948 luna
528 1884 753 1949 descendendo
773 1906 833 1969 per
854 1884 917 1947 vim
940 1883 1147 1967 centripetam
1171 1878 1278 1946 verstis
1301 1888 1377 1945 ter-²

60 2014 140 2077 rant,
166 1994 195 2060 si
226 1993 372 2058 circulari
401 1994 489 2057 omni
518 2006 607 2059 motu
632 1995 750 2080 privari
772 1994 948 2082 fingeretur
971 1993 1012 2057 ad
1035 1993 1172 2078 spatium
1194 1991 1282 2078 qnod
1306 2013 1361 2056 eo·

59 2078 135 2169 ab:
160 2116 307 2187 tempore
333 2101 440 2189 quim·
454 2103 586 2167 minimo
619 2103 770 2168 describit
794 2124 890 2191 grave
914 2122 1029 2186 corpus
1055 2102 1088 2164 in
1118 2101 1232 2165 vicinia
1260 2113 1364 2178 terrm,

62 2235 120 2299 per
132 2212 201 2276 vim
213 2212 378 2300 gravitatis
393 2233 460 2275 suae
475 2212 627 2277 cadendo.
675 2213 806 2278 Horum
822 2212 994 2297 spatiorum
1009 2212 1099 2297 prius
1115 2211 1238 2296 aequale
1253 2222 1301 2275 est
1315 2232 1366 2274 ar-

60 2324 115 2388 eta
129 2346 151 2389 a
165 2322 246 2387 luna
260 2344 321 2409 per
335 2322 420 2388 idem
435 2310 560 2408 tenipus
571 2322 723 2408 descripti
738 2323 821 2387 sinui
836 2336 947 2399 verso,
963 2321 1080 2408 quippe
1095 2321 1150 2406 qni
1164 2319 1253 2383 lunae
1264 2333 1367 2384 trans·

61 2430 214 2496 htionem
229 2431 273 2495 de
288 2443 448 2520 tangente,
466 2431 578 2496 factam
589 2455 609 2496 a
623 2432 654 2494 vi
670 2432 852 2516 centripeta,
868 2430 1010 2506 metitur3
1034 2440 1128 2515 atque
1144 2425 1224 2491 adeo
1236 2430 1379 2511 compu·'

62 2539 119 2603 tari
128 2551 243 2625 potant
257 2562 300 2604 ex
316 2538 400 2604 datis
423 2538 492 2605 ttim
516 2540 602 2605 lunae
612 2626 614 2631 Ι
625 2552 768 2625 tempore
791 2537 964 2624 periodica,
988 2535 1056 2602 tinn
1081 2536 1232 2601 distantia
1256 2537 1324 2621 ejus
1348 2558 1368 2599 a

65 2660 173 2712 amno
182 2660 295 2713 terrae.
342 2647 488 2733 Spatium
502 2648 659 2741 posterius
671 2648 831 2712 invenitur
844 2669 903 2733 per
911 2646 1129 2732 experimenta
1143 2644 1366 2731 pendulorum,

62 2756 335 2845 quamadmoddm
349 2756 458 2823 docuit
480 2756 659 2846 Hugenius.
706 2757 789 2822 Inito
827 2757 934 2844 itaque
961 2756 1092 2834 calculo,
1117 2756 1256 2842 spatium
1279 2755 1380 2840 prius·

63 2864 102 2928 ad
117 2866 261 2951 spatium
272 2864 441 2950 posterius,
457 2887 512 2930 seu
527 2865 574 2929 'vis
590 2865 765 2950 centripeta
778 2863 864 2928 lunae
879 2864 913 2927 in
928 2863 1031 2928 orbita
1049 2886 1105 2927 sua
1120 2863 1310 2927 revolventis
1325 2861 1380 2927 ad'

64 2975 125 3038 rim
134 2974 304 3063 gravitatis
319 2974 352 3036 in
367 2974 532 3057 superficie
547 2985 650 3052 terrae,
675 2974 736 3039 erit
758 2987 794 3045 ut
815 2973 1004 3060 quadratum
1028 2973 1251 3039 semidiametri
1275 2986 1379 3037 terrm·

64 3082 104 3145 ad
113 3083 233 3147 orbitae
249 3081 475 3147 semidiametri
490 3081 688 3169 quadratum.
727 3082 874 3148 Eandem
886 3082 984 3148 habet
997 3083 1162 3160 rationem,
1178 3074 1238 3167 per
1248 3105 1286 3146 ea
1297 3104 1369 3168 quoe

66 3189 214 3277 superins
241 3189 463 3268 ostenduntur,
486 3191 532 3254 vis
555 3192 729 3276 centripeta
751 3191 836 3254 lnnoe
858 3191 892 3254 in
915 3191 1018 3256 orbita
1040 3214 1097 3256 sna
1119 3192 1307 3256 revolventis
1328 3191 1370 3256 ad

66 3299 129 3362 rim
144 3298 234 3363 lunoe
256 3299 465 3384 oentripetam
490 3298 591 3384 prope
615 3312 709 3364 terrae
731 3299 941 3385 superficiem.
986 3300 1044 3364 Vis
1064 3300 1170 3388 itaque
1197 3301 1370 3386 cerrtripeta

66 3407 168 3494 prope
181 3421 281 3473 terrae
296 3409 497 3493 superficiem
512 3410 643 3496 aequalis
658 3422 708 3474 est
722 3411 752 3473 vi
767 3411 938 3498 gravitatis.
972 3411 1047 3476 Non
1060 3435 1137 3501 ergo
1151 3412 1285 3478 diversae
1297 3406 1382 3476 sunt'

67 3517 161 3594 vires,
187 3517 247 3581 sed
261 3537 326 3580 una
341 3530 436 3604 atque
451 3517 574 3595 eadem,
592 3518 717 3582 sienim
732 3518 868 3583 (Rversoe
883 3532 998 3599 essent,
1014 3543 1150 3606 corpora
1160 3522 1278 3586 viribus
1294 3544 1370 3586 con·

62 3627 184 3714 junctis
212 3626 313 3711 duplo
336 3627 473 3692 celeritis
496 3627 529 3691 in
554 3641 670 3693 terram
695 3629 845 3694 caderent
868 3629 962 3716 quim
989 3654 1029 3695 ex
1055 3630 1085 3695 vi
1110 3632 1176 3696 sold
1196 3633 1368 3721 gravitatis.

68 3738 205 3804 &aaut
219 3737 317 3825 igitur
330 3737 392 3802 vim
415 3737 502 3801 illam
517 3740 734 3823 centripetam,
759 3738 821 3825 qud
840 3739 916 3803 luna
930 3739 1085 3825 perpetuo
1100 3741 1141 3806 de
1156 3754 1305 3832 tangente
1320 3740 1372 3806 vel

69 3847 210 3913 trahituu
219 3847 271 3913 vel
280 3847 456 3933 impellitur
467 3860 499 3912 et
513 3848 546 3912 in
562 3848 665 3913 orbita
679 3849 842 3926 retinetur,
859 3849 960 3934 ipsam
976 3872 1044 3915 esse
1059 3850 1122 3914 vim
1135 3850 1295 3939 gravitatis
1307 3863 1371 3914 ter·

68 3956 181 4022 restris
195 3958 237 4022 ad
250 3956 360 4021 lunam
375 3978 476 4042 nsque
490 3957 732 4045 pertingentem.
779 3956 823 4021 Et
836 3957 951 4020 rationi
974 3958 1102 4044 quidem
1125 3968 1371 4021 consentaneum

67 4080 121 4134 est
131 4065 368 4154 utadingentes
379 4065 545 4130 distantias
561 4065 616 4130 illa
624 4088 692 4130 sese
703 4065 804 4130 virtus
815 4065 977 4144 extendat,
992 4065 1063 4130 crim
1081 4066 1200 4130 nullam
1216 4068 1283 4151 ejus
1299 4087 1371 4130 sen·

65 4174 197 4244 sibilem
210 4174 477 4250 imminutionem,
492 4173 544 4239 vel
558 4173 591 4237 in
613 4172 772 4238 altissimis
787 4175 944 4239 montium
959 4176 1185 4250 cacuminibus,
1203 4175 1372 4241 observare

65 4289 156 4354 licet.
202 4286 351 4352 Gravitat
366 4285 472 4372 itaque
487 4283 563 4349 luna
577 4284 611 4347 in
626 4295 764 4349 terram:
789 4285 866 4371 quin
881 4298 914 4350 et
928 4285 1053 4350 actione
1074 4297 1195 4364 mutua,
1218 4298 1304 4350 terra
1326 4285 1373 4350 vi·

68 4398 175 4464 ἀπίω
197 4398 230 4462 in
246 4397 357 4462 lunam
372 4394 697 4483 aeqnalitergrnvitat3
725 4394 759 4458 id
775 4393 861 4481 quod
877 4394 1003 4459 abunde
1020 4394 1149 4482 quidem
1165 4395 1372 4462 confirmatur
1500 4422 1513 4439 .

71 4510 102 4573 in
116 4508 179 4574 htc
192 4504 411 4595 philosophici,
434 4503 489 4568 ubi
503 4504 608 4593 agitur
622 4502 663 4568 de
677 4503 773 4567 nuans
795 4516 876 4567 aestu
900 4516 932 4569 et
955 4502 1216 4590 aequinoctiorum
1235 4525 1373 4589 praeces·

71 4618 170 4694 sicine,
195 4616 238 4681 ab
253 4615 381 4681 actione
399 4626 467 4678 tum
482 4613 568 4678 lunoe
583 4624 653 4678 tum
668 4611 743 4676 solis
758 4613 792 4677 in
802 4624 920 4678 terram
933 4611 1096 4677 oriundas.
1143 4613 1233 4678 Hinc
1248 4628 1280 4678 et
1295 4612 1372 4681 illud

733 4725 749 4771 a
