3098 5534
96 410 206 473 Lmen
223 404 385 486 Parnon]
432 404 673 474 PRINCIPIA
696 405 1065 477 ΜΑΤΗΕΜΛΤΙΟᾺ.
1309 421 1367 477 861

92 580 204 645 festum
219 594 275 660 est,
292 583 377 667 quod
391 581 425 645 hi
440 582 504 646 duo
518 584 669 666 impulsus
692 583 861 648 sumessivd
882 585 1023 667 impressi
1045 585 1177 648 eundem
1197 584 1373 668 producent

90 702 222 770 motum,
245 714 282 756 ac
304 693 329 756 si
352 692 444 756 simul
467 693 610 776 impressi
629 691 768 770 fuissent,
789 693 850 758 hoc
875 705 932 769 est,
945 693 1088 770 eundem,
1109 715 1147 757 sc
1165 694 1192 756 si
1211 693 1322 778 globus
1341 693 1373 756 vi

90 800 223 884 simplici
238 823 279 865 ex
293 813 425 887 utroque
441 805 511 886 (per
524 788 630 888 legum
646 803 752 866 Corol.
769 804 813 883 2.)
836 804 1006 887 compositi
1021 804 1171 888 impulsus
1185 803 1301 880 fuisset,
1324 816 1372 866 at-

91 933 152 996 que
167 909 238 973 ideo
253 909 434 994 simplicem,
451 911 532 973 circa
547 931 639 974 axem
654 910 853 974 inclinatione
867 909 984 974 datum.
1029 912 1068 993 (⁸)
1092 912 1135 975 Et
1149 933 1206 995 par
1226 923 1274 974 est
1294 910 1374 999 ratio

90 1014 244 1100 impulsis
259 1015 473 1080 secundi‘facti
487 1016 638 1080 inlocum
653 1017 747 1080 alium
763 1017 901 1102 quemvis
916 1017 949 1079 in
963 1029 1121 1101 aquatore
1134 1029 1237 1080 motus
1261 1016 1374 1099 primi;

92 1138 128 1188 ut
142 1137 174 1188 et
188 1125 339 1209 impulsus
353 1124 446 1208 primi
459 1123 532 1187 facti
546 1123 578 1186 in
593 1123 696 1187 locum
711 1124 850 1208 quemvis
865 1124 898 1186 in
912 1135 1070 1208 oequatore
1083 1135 1196 1200 motus,
1208 1145 1302 1208 quem
1315 1123 1373 1184 im-

91 1232 202 1317 pulsus
218 1232 372 1296 secundus
387 1232 454 1295 sine
468 1231 571 1315 primo
589 1242 773 1317 generaret3
796 1243 888 1316 atque
909 1230 982 1293 ideo
1002 1229 1375 1313 impusuumamborum

91 1339 243 1403 factorum
258 1339 291 1401 in
306 1327 375 1402 loca
389 1359 600 1425 quaecunque:
625 1337 661 1419 (⁸)
677 1336 871 1423 generabunt
892 1336 926 1398 bi
948 1337 1082 1400 eundem
1105 1350 1224 1401 motum
1246 1319 1375 1401 circula·

92 1445 250 1509 remansi
266 1444 358 1508 simul
373 1455 403 1508 et
418 1445 512 1509 semel
527 1444 678 1507 inlocum
691 1444 918 1508 intersectionis
932 1457 1126 1530 aequatorum
1144 1458 1283 1509 motuum
1305 1445 1375 1508 illo-

92 1573 173 1629 rum,
190 1574 268 1637 quos
285 1552 414 1616 seorsim
435 1562 629 1638 generarent,
653 1549 783 1614 fuissent
804 1550 956 1634 impressi.
1002 1550 1124 1615 Globus
1146 1551 1241 1637 igitur
1264 1549 1375 1614 horno·

91 1680 210 1745 genens
235 1672 266 1722 et
284 1659 439 1743 perfectus
460 1680 524 1721 non
545 1657 658 1721 retinet
682 1669 785 1720 motus
807 1658 913 1741 plures
938 1657 1109 1735 distinctos,
1134 1658 1189 1722 scd
1210 1640 1376 1741 impressos

91 1787 200 1831 omncs
215 1767 373 1850 componit
387 1765 469 1830 etad
484 1786 582 1828 unum
596 1763 726 1842 reducit,
743 1777 775 1826 et
786 1763 938 1848 quitenus
952 1765 986 1826 in
997 1787 1031 1828 se
1045 1777 1102 1841 est,
1114 1777 1243 1851 gyratur·
1252 1787 1375 1848 semper
1389 1836 1391 1840 ¹

91 1887 179 1939 motu
194 1875 324 1959 simplici
338 1888 370 1939 et
384 1872 530 1936 uniformi
544 1873 626 1935 circa
640 1893 731 1936 axem
747 1872 883 1948 unicum,
898 1871 1096 1935 inclinatione
1111 1892 1232 1954 semper
1245 1871 1376 1935 invaria-

90 1980 146 2044 bili
161 1980 278 2045 datum.
323 1980 387 2044 Sed
401 2000 459 2044 nec
473 1979 519 2041 vis
534 1978 705 2061 centripeta
719 1978 950 2041 inclinationem
966 1977 1045 2054 axis,
1068 1991 1121 2040 aut
1142 1976 1301 2040 rotationis
1323 1999 1375 2041 ve·

90 2087 248 2152 locitatem
262 2099 382 2152 mutare
394 2097 509 2171 potest.
555 2085 589 2149 Si
603 2085 716 2172 globus
730 2084 826 2168 plano
840 2105 1035 2170 quocunque,
1057 2106 1115 2168 per
1129 2095 1270 2148 centrum
1285 2107 1376 2173 suum

91 2208 122 2260 et
137 2208 280 2260 centrum
295 2196 328 2259 in
344 2194 489 2281 quodvis
503 2193 648 2279 dirigitur
662 2203 850 2270 transeunte,
867 2193 964 2256 dividi
978 2193 1167 2281 intelligatur
1181 2195 1214 2256 in
1235 2194 1299 2259 duo
1320 2192 1376 2287 be·

90 2301 286 2387 misphaeria3
309 2301 434 2388 urgebit
447 2320 570 2382 semper
584 2300 630 2362 vis
644 2298 699 2362 ills
712 2311 879 2385 utrumque
893 2299 1146 2383 hemisphaerium
1160 2285 1329 2387 aequaliter,
1345 2313 1376 2366 et

88 2421 256 2492 propterea
269 2407 408 2494 globum,
421 2405 524 2491 quoad
534 2416 654 2468 motum
664 2405 833 2480 rotationis,
851 2405 890 2488 (b)
902 2405 1020 2469 nullam
1031 2405 1063 2467 in
1073 2418 1195 2490 partem
1206 2405 1375 2470 inclinabit,

92 2515 239 2580 Addatur
253 2537 327 2578 vero
342 2513 455 2577 alicubi
470 2513 551 2575 inter
565 2510 673 2595 polum
688 2522 720 2575 et
733 2522 922 2597 aequatorem
940 2512 1069 2576 materia
1089 2534 1170 2576 nova
1191 2513 1224 2575 iu
1244 2512 1376 2577 formam

122 2688 159 2752 (¹)
177 2692 191 2719 ⁸
208 2691 243 2737 Et
249 2705 296 2750 por
305 2698 336 2736 est
348 2667 405 2736 ratio
418 2685 530 2750 impunita
547 2683 643 2734 secandi
655 2682 720 2746 sacti
735 2697 737 2701 ⁴
751 2679 795 2726 sim
806 2679 939 2740 producunt
949 2694 1008 2741 quos
1018 2678 1178 2740 producerent,
1195 2679 1214 2727 si
1225 2679 1249 2727 in
1260 2690 1375 2741 pureum

89 2755 115 2800 irs
130 2756 204 2800 locrrm
218 2755 290 2800 ulium
307 2754 406 2815 pannus
423 2754 445 2810 b,
465 2754 490 2799 in
500 2757 614 2812 aquetur
625 2748 649 2793 Β
660 2745 691 2793 X
700 2742 721 2792 Z
753 2742 885 2807 Psingale
894 2752 990 2808 egerent
1001 2743 1102 2800 mm,
1113 2744 1235 2807 imm
1244 2744 1266 2793 P
1275 2745 1307 2802 Κ,
1319 2745 1341 2794 Ρ
1350 2745 1374 2805 i;

89 2815 161 2862 matris
173 2818 250 2876 primi.
287 2815 420 2863 Resolvitur
435 2814 498 2862 enim
514 2813 549 2859 vis
565 2828 579 2859 a
594 2811 611 2858 b
777 2834 781 2842 ·

89 2879 113 2924 iu
126 2879 184 2925 duas
194 2879 260 2935 vires,
278 2895 378 2941 quarum
394 2895 442 2925 una
457 2878 486 2925 ad
504 2886 610 2924 centrum

91 2944 111 2990 C
122 2941 230 3004 dirigitur
240 2958 281 3002 per
290 2943 381 2989 radium
392 2944 408 2989 b
420 2943 457 2999 C;
472 2941 517 2988 alia
527 2954 609 2986 secun-

88 3006 146 3052 diuu
162 3015 296 3068 tangentem
310 3006 419 3115 bdagit;
436 3015 459 3052 et
478 3005 535 3051 vires
554 3003 608 3049 duae

88 3069 209 3130 utriusque
227 3069 340 3129 impulsus
358 3088 372 3117 a
406 3079 511 3117 centrum
531 3069 550 3115 C
568 3082 608 3126 per
652 3087 666 3103 ⁶

88 3133 165 3178 radios
177 3134 199 3179 B
213 3133 240 3186 C,
252 3135 268 3180 b
281 3134 301 3180 C
312 3133 404 3180 directa
415 3134 441 3179 in
457 3147 529 3179 unam
544 3145 608 3179 com-

88 3206 205 3256 ponentur
230 3196 359 3243 secundum
381 3197 530 3244 directionem
551 3195 609 3241 radii

88 3260 188 3322 alicujus
202 3260 223 3306 E
238 3261 383 3321 Cagentem,
395 3260 441 3321 qud
451 3260 534 3322 globus
542 3259 565 3305 in
574 3258 609 3304 di-

88 3333 177 3370 rectum
185 3324 314 3370 movebitur
324 3324 482 3379 uniformiter;
498 3323 557 3370 vires
567 3337 609 3368 ats-

89 3396 136 3433 tcm
151 3388 172 3433 B
186 3388 218 3443 D,
228 3389 245 3434 b
255 3387 270 3434 d
281 3403 333 3448 qun
344 3388 480 3434 rotationem
488 3386 549 3447 globi
556 3400 609 3446 pro-

89 3449 186 3506 ducunt,
206 3451 288 3497 eodem
307 3451 377 3498 modo
394 3461 565 3510 componuntur
580 3451 610 3497 nd

89 3513 187 3560 unicum
198 3515 316 3561 rotationis
326 3524 417 3561 motum
428 3514 574 3560 efficiendum
582 3528 610 3560 ac

89 3578 107 3622 si
118 3577 201 3624 suisset
211 3578 246 3623 vis
258 3579 279 3625 B
294 3580 318 3625 D
329 3579 354 3624 in
362 3578 413 3625 loco
421 3581 436 3624 b
445 3578 559 3637 impressu,
569 3586 610 3624 aut

88 3641 122 3686 vis
133 3643 148 3688 b
159 3641 182 3698 d,
194 3641 220 3687 in
230 3641 281 3688 loco
295 3643 316 3688 B
328 3642 450 3703 aequstoris
463 3643 484 3688 Β
496 3642 520 3688 X
530 3642 548 3687 Z
557 3656 610 3687 mo·

89 3702 127 3750 tis
137 3704 206 3763 primi
214 3723 222 3763 ;
239 3706 273 3751 vis
283 3706 346 3752 enim
359 3706 380 3752 Β
395 3706 420 3752 D
433 3705 534 3751 eundem
549 3713 610 3751 rota-

89 3768 157 3813 tionis
173 3779 263 3815 motum
281 3769 380 3826 inducit,
400 3767 448 3816 sire
465 3769 610 3828 imprimatur

89 3830 114 3876 in
127 3832 157 3887 B,
168 3831 251 3878 sivein
262 3835 284 3880 b.

120 3893 154 3955 (¹)
173 3899 187 3927 ·
208 3899 352 3945 Generadunt
377 3900 408 3954 lsi,
435 3898 476 3944 ac.
521 3897 612 3944 Globus

89 3957 182 4004 ΒΡΧ
199 3960 244 4007 Zb
262 3961 353 4006 duabus
371 3962 459 4007 viribus
480 3961 547 4017 AB,
566 3964 611 4008 ab

88 4020 181 4082 oblique
192 4023 330 4082 impellatur,
342 4025 415 4086 iisque
426 4024 524 4087 singulis
531 4025 556 4070 iu
568 4025 611 4070 du-

89 4100 114 4130 ss
124 4085 180 4131 alins
191 4087 256 4143 sires,
269 4087 397 4134 secundum
413 4087 550 4134 directiones
562 4090 583 4134 B
597 4089 625 4142 C,
640 4091 661 4138 Β
675 4091 717 4150 D;
740 4092 791 4150 ¹sad
801 4093 860 4142 vires
870 4094 924 4144 dure
937 4096 959 4145 P
971 4098 1003 4155 K,
1017 4098 1064 4152 Pi,
1081 4099 1105 4146 in
1116 4115 1190 4146 unam
1206 4100 1261 4147 PL
1279 4114 1374 4161 compo·

89 4149 136 4204 bc,
147 4149 189 4195 bd
203 4160 228 4195 ut
239 4148 309 4209 suprri
325 4151 410 4207 divisis,
430 4152 493 4199 sitB
509 4153 566 4199 PX
580 4153 598 4198 Z
617 4165 719 4215 aequator
750 4160 895 4220 nunturqui
906 4161 989 4222 globus
999 4163 1059 4209 circei
1069 4174 1207 4226 aquatorem
1224 4164 1320 4210 unicum
1336 4179 1373 4212 rc·

90 4226 159 4272 quem
170 4223 285 4271 punctum
299 4215 319 4259 B
331 4216 353 4260 vi
367 4216 388 4261 13
405 4217 428 4261 D
442 4215 556 4273 describit,
573 4226 596 4261 ot
611 4219 627 4261 b
640 4218 685 4264 Px
699 4219 718 4265 Z
750 4230 819 4268 tatur.
856 4224 936 4277 Quarti
946 4226 1006 4273 uires
1021 4242 1062 4272 seu
1078 4227 1225 4286 impulsusrl
1241 4228 1270 4283 tt,
1282 4245 1296 4273 a
1306 4230 1322 4275 b
1332 4245 1374 4292 ge-

89 4286 192 4336 aequstor
203 4277 260 4323 alter
271 4293 341 4338 quem
354 4288 468 4338 punctum
485 4280 533 4326 bri
546 4279 587 4325 bd
604 4279 718 4328 describe-
751 4289 865 4332 nerabunt
876 4298 965 4334 motum
982 4290 1078 4335 unitum
1096 4291 1222 4350 simplicem
1240 4308 1266 4337 at
1285 4293 1373 4340 unifor-

91 4348 131 4393 ret,
144 4340 228 4386 horum
240 4350 384 4402 aquatorum
397 4358 532 4389 communes
548 4344 720 4393 intersectiones
750 4363 821 4406 mern,
833 4359 884 4396 turn
895 4350 1015 4406 directum,
1029 4366 1079 4399 tum
1091 4355 1225 4401 circularem
1237 4353 1296 4401 cirri
1306 4371 1374 4403 arem

90 4401 117 4458 P,
137 4403 173 4459 Z3
198 4405 257 4449 vires
276 4420 329 4465 quae
346 4406 475 4452 secundum
494 4407 570 4453 radios
591 4408 654 4461 Bc,
672 4411 718 4466 bc,
751 4412 847 4459 unicum
869 4413 1018 4461 inclinatione
1039 4431 1129 4476 semper
1149 4417 1276 4465 invariabili
1292 4419 1373 4467 datum

89 4475 164 4527 agunt
175 4467 199 4512 in
211 4483 284 4513 unam
295 4480 473 4527 componentur,
486 4481 512 4516 ut
522 4469 599 4529 sopri,
611 4471 657 4533 qud
666 4473 717 4532 glo·
749 4474 852 4538 ndedque
862 4487 886 4522 et
896 4478 939 4523 sibi
951 4494 1040 4538 semper
1050 4480 1193 4540 parallelum.

89 4529 133 4575 bus
153 4531 285 4577 movebitur
304 4532 450 4578 uniformiter
469 4535 493 4578 in
513 4534 641 4591 directum
660 4537 719 4582 vires
782 4539 816 4600 (ὓ)
835 4545 846 4568 ·
866 4544 965 4589 Μαίη
983 4545 1009 4591 in
1026 4556 1116 4604 panem
1134 4548 1257 4595 intumi,
1301 4547 1338 4594 stt
1357 4547 1374 4594 s

90 4602 169 4640 sutem
183 4594 204 4641 B
219 4596 250 4651 D,
263 4597 278 4642 b
290 4595 313 4652 d,
326 4595 418 4643 eosdem
430 4598 548 4644 rotationis
564 4607 641 4645 motus
657 4615 717 4646 seor.
752 4600 833 4649 virium
846 4616 959 4663 centrum,
980 4608 1000 4653 A
1016 4607 1037 4656 P
1050 4608 1108 4663 QE
1127 4608 1209 4672 globus
1228 4608 1288 4658 circi
1306 4625 1373 4658 axem
