3098 5534
448 914 794 993 AUCTORIS
821 913 1185 994 PRAEFATIO

804 1179 838 1211 AB

607 1401 1037 1503 LECTOREM.

741 1693 906 1716 m

181 1893 284 1992 Cur(
297 1924 416 1978 veteres
431 1911 649 1977 Mechauicam
672 1913 732 1998 (uti
746 1924 859 1977 auctor
873 1924 921 1977 est
937 1911 1076 1997 Pappus)
1100 1913 1133 1977 in
1153 1934 1260 1978 rerum
1283 1917 1473 1983 naturalium

178 2018 416 2107 investigatione
431 2019 559 2083 maximi
574 2018 704 2084 fecerint
713 2043 723 2096 ς
745 2032 778 2083 et
792 2019 991 2096 recentiores,
1007 2020 1108 2084 missis
1131 2019 1239 2085 formis
1263 2023 1474 2090 substantiali·

178 2127 238 2192 bus
253 2140 286 2193 et
300 2128 499 2214 qualitatibus
520 2127 661 2205 occultis,
683 2126 894 2212 phaenomena
916 2140 1037 2191 naturae
1062 2128 1103 2191 ad
1128 2128 1474 2215 legessmaurematieas

178 2258 325 2302 revocare
340 2239 480 2326 aggressi
496 2239 577 2302 sinte
602 2238 701 2301 visum
717 2237 809 2300 estin
825 2235 886 2300 hoc
901 2247 1034 2300 tractatu
1045 2236 1208 2302 mathesim
1225 2240 1380 2319 excolere,
1397 2242 1474 2328 qui-

178 2357 270 2409 tenus
285 2367 322 2410 ea
344 2346 385 2410 ad
408 2345 636 2430 philosophiam
660 2357 787 2429 spectat.
833 2343 1053 2408 Mechanicam
1077 2345 1151 2410 verb
1174 2347 1331 2432 duplicem
1354 2365 1474 2417 veteres

178 2453 422 2516 constituerunt:
446 2451 641 2528 rationalem,
658 2473 729 2536 quoe
743 2473 802 2535 per
816 2450 1098 2516 demonstrationes
1114 2454 1258 2519 accurate
1272 2458 1426 2540 procedit,
1444 2473 1475 2524 et

177 2563 358 2648 practicam.
404 2563 457 2626 Ad
472 2561 643 2646 practicam
658 2572 800 2645 spectant
814 2573 896 2624 artes
917 2583 1027 2624 omnes
1042 2563 1212 2638 manuales,
1236 2586 1255 2626 a
1277 2565 1390 2649 quibus
1414 2568 1474 2629 uti-

177 2691 240 2756 que
254 2669 437 2733 mechanica
450 2691 566 2732 nomen
580 2681 723 2732 mutuata
738 2680 794 2732 est.
839 2668 924 2733 Cum
938 2681 1043 2732 autem
1055 2669 1189 2733 artifices
1200 2669 1313 2754 parum
1329 2676 1474 2739 accurate

178 2780 302 2867 operari
318 2779 447 2855 soleant,
464 2777 500 2841 fit
514 2791 550 2842 ut
569 2776 750 2841 mechanica
771 2777 873 2841 omnis
897 2801 916 2841 a
937 2777 1107 2864 geometrici
1131 2778 1174 2841 ita
1196 2778 1416 2868 distinguatur,
1441 2800 1476 2848 ut

177 2885 328 2972 quicquid
343 2898 522 2949 accuratum
538 2886 578 2949 sit
592 2884 633 2948 ad
647 2885 853 2972 geometriam
868 2883 1033 2964 referatur,
1050 2885 1199 2973 quicquid
1219 2888 1323 2954 minuis
1346 2915 1475 2957 accura-

177 3007 245 3058 tum
271 2994 312 3057 ad
335 2994 560 3058 mechanicam.
607 2995 755 3058 Attamen
780 3016 903 3058 errores
927 3017 992 3058 non
1018 3009 1092 3060 sunt
1116 2998 1201 3076 artis,
1229 3002 1284 3065 sed
1309 3003 1473 3070 artificum.

179 3103 246 3183 Qui
260 3105 365 3169 mimis
380 3104 524 3170 accurate
540 3089 698 3190 operatur,
715 3104 926 3189 imperfectior
941 3117 989 3168 est
1004 3105 1215 3203 mechanicus,
1232 3122 1263 3173 et
1285 3113 1310 3174 si
1333 3114 1402 3198 quis
1423 3139 1475 3179 ac-

177 3216 372 3281 curatissimi
388 3218 511 3302 operari
525 3228 641 3301 posset,
663 3215 715 3279 hic
737 3215 818 3279 foret
839 3212 1039 3279 mechanicus
1062 3217 1203 3281 omnium
1223 3219 1474 3303 perfectissimus,

178 3323 264 3387 Nam
279 3338 311 3388 et
324 3325 478 3388 linearum
493 3335 649 3387 rectarum
665 3334 696 3385 et
711 3321 900 3385 circulorum
915 3321 1150 3407 descriptiones,
1172 3325 1204 3387 in
1220 3327 1333 3411 quibus
1348 3354 1475 3416 geome-

177 3433 239 3496 tria
253 3431 412 3508 fundatur,
430 3431 471 3494 ad
486 3430 700 3494 mechanicam
722 3430 890 3514 pertinent.
936 3429 1008 3493 Has
1029 3431 1127 3495 lineas
1148 3433 1325 3500 describere
1348 3462 1475 3525 geome-

178 3542 239 3606 tria
261 3564 325 3604 non
347 3542 449 3618 docet,
474 3541 529 3604 sed
551 3540 698 3625 postulat.
745 3539 890 3604 Postulat
915 3541 1000 3604 enim
1024 3555 1061 3606 ut
1085 3554 1156 3628 tyro
1180 3547 1305 3610 easdem
1331 3553 1476 3615 accurate

177 3649 355 3714 describere
369 3649 457 3733 prius
472 3647 626 3724 didicerit,
643 3669 737 3733 quam
753 3647 848 3710 limen
864 3648 997 3735 attingat
1006 3652 1206 3736 geometriae3
1230 3653 1302 3717 dein
1315 3662 1476 3743 quomodo

176 3779 235 3842 per
250 3757 306 3820 has
321 3756 518 3841 operationes
539 3754 735 3839 problemata
757 3754 927 3832 solvantur,
952 3755 1064 3834 dooet3
1087 3770 1187 3822 rectas
1209 3772 1242 3823 et
1263 3763 1395 3828 circulos
1418 3767 1475 3831 de·

177 3869 314 3931 scribere
328 3867 524 3953 problemata
535 3879 617 3941 sunt,
641 3865 696 3928 sed
711 3887 775 3929 non
790 3867 991 3952 geometrica.
1036 3866 1088 3930 Ex
1103 3868 1284 3934 mechanica
1297 3875 1474 3956 postulatur

176 3974 292 4038 horum
307 3976 430 4051 solutio,
448 3975 480 4036 iu
495 3973 667 4061 geometria
678 3973 809 4036 docetur
824 3972 996 4037 solutorum
1009 3996 1093 4037 usus.
1125 3975 1175 4040 Ac
1183 3976 1336 4063 gloriatur
1346 4006 1473 4068 geome.

177 4086 239 4148 tria
248 4085 334 4169 quod
344 4097 406 4148 tam
419 4084 528 4169 paucis
537 4084 699 4168 principiis
710 4082 835 4146 aliunde
845 4084 951 4168 petitis
963 4096 1025 4146 tam
1039 4084 1138 4149 multa
1145 4100 1282 4171 praestet.
1310 4091 1475 4159 Fundatur

177 4192 275 4281 igitur
288 4192 462 4279 geometria
477 4192 509 4254 iu
524 4191 616 4274 praxi
631 4189 821 4266 mechanica,
839 4202 871 4254 et
892 4189 970 4253 nihil
992 4191 1077 4255 aliud
1100 4205 1147 4256 est
1166 4217 1259 4280 quarn
1283 4199 1474 4267 mechanicae

177 4300 361 4364 universalis
375 4323 449 4385 pars
465 4299 527 4376 illa,
544 4320 615 4385 quae
631 4311 730 4360 artem
746 4297 946 4360 mensurandi
962 4298 1105 4362 accuratd
1127 4302 1276 4384 proponit
1291 4329 1327 4369 ac
1343 4307 1474 4375 demon·

176 4422 263 4474 strat
310 4409 392 4472 Cum
408 4421 513 4473 autem
528 4421 610 4472 artes
624 4407 784 4472 manuales
800 4407 832 4468 in
847 4408 1031 4491 corporibus
1047 4411 1209 4474 movendis
1230 4418 1389 4502 pracipud
1404 4444 1474 4485 ver.

178 4533 297 4596 santur,
314 4519 350 4581 fit
365 4529 400 4581 ut
414 4519 586 4605 geometria
608 4518 649 4581 ad
672 4515 931 4604 magnitudinem,
959 4517 1141 4584 mechanica
1166 4522 1207 4586 ad
1232 4539 1353 4592 motum
1379 4530 1476 4620 vulgo
