3098 5534
65 370 356 450 LrsnaSacuru.]
387 368 631 435 PRINCIPIA
655 367 1029 434 MATHEMATICA.
1297 374 1360 435 347

64 541 164 630 frigus
179 543 348 608 reducitur.
384 528 574 629 'Antequam
588 542 747 620 caderent,
762 540 1030 627 immergebantur
1040 538 1165 624 penitus
1180 539 1212 603 in
1228 560 1359 624 aquam3

65 671 106 713 ne
127 649 267 734 pondere
288 650 386 736 partis
408 650 538 735 alicujus
560 672 601 714 ex
623 648 704 736 aquai
725 648 859 712 extentis
881 646 1050 711 descensus
1073 667 1183 710 eorum
1198 646 1257 709 sub
1271 646 1379 709 initio-

66 759 299 822 acceleraretur.
346 759 389 822 Et
402 759 457 823 ubi
471 757 596 843 penitius
610 757 748 822 immersi
763 757 973 844 quiescebant,
996 756 1243 821 demittebantur
1265 767 1360 842 quam

66 866 252 947 cautissime,
268 890 309 932 ne
323 868 494 953 impulsum
508 870 644 955 aliquem
658 892 678 932 a
690 890 785 931 manu
800 867 983 932 demittente
998 867 1184 952 acciperent.
1230 864 1360 929 Cecide-

66 988 140 1039 runt
162 989 267 1040 autem
288 974 462 1040 successive
483 975 678 1059 temporibus
700 973 926 1038 oscillatiouum
950 977 1024 1056 471,
1041 977 1116 1054 481,
1133 983 1222 1037 50-et
1237 981 1289 1050 51,
1305 971 1361 1036 dc·

67 1082 238 1146 scribentes
263 1081 460 1146 altitudinem
489 1081 606 1165 pedum
635 1078 814 1167 quindecim
843 1094 875 1144 ct
902 1078 1074 1167 digitorum
1104 1078 1250 1143 duorum.
1296 1078 1361 1144 Sed

67 1204 234 1275 tempestas
251 1191 318 1275 jam
333 1189 429 1273 pauld
444 1189 587 1277 frigidior·
601 1202 668 1253 erat
682 1187 777 1274 quaint
793 1210 863 1252 cum
878 1189 966 1275 globi
985 1188 1250 1273 ponderabuntur,
1274 1187 1362 1252 idet-

67 1323 128 1387 que
142 1300 250 1364 iteravi
265 1300 516 1383 experimentum
530 1299 592 1363 alio
606 1299 668 1376 die,
684 1311 717 1362 et
730 1297 817 1385 globi
833 1298 1014 1362 ceciderunt
1028 1299 1221 1384 temporibus
1237 1297 1360 1362 oscilla·

67 1404 255 1486 110111111149,
272 1414 344 1492 491,
362 1418 404 1473 50
418 1419 451 1471 et
466 1418 518 1485 53,
534 1430 572 1472 ac
586 1408 679 1471 tertio
698 1407 893 1492 temporibus
911 1407 1138 1472 oscillatiouum
1157 1414 1231 1491 491,
1249 1418 1301 1486 50,
1319 1418 1357 1474 51

67 1528 99 1579 et
113 1525 164 1579 53.
210 1515 438 1598 Experimento
463 1515 579 1597 saepius
602 1525 705 1598 capto,
732 1513 820 1601 globi
849 1513 1031 1578 ceciderunt
1053 1515 1188 1578 maximi
1210 1529 1363 1600 exparte

67 1623 258 1707 temporibus
272 1623 502 1686 oscillationum
517 1627 579 1703 491
596 1636 628 1686 et
643 1631 695 1688 50.
743 1622 808 1688 Ubi
823 1622 943 1688 tardius
959 1624 1111 1702 cecidere,
1134 1614 1277 1710 suspicor
1291 1647 1362 1690 eos·

66 1729 140 1793 dem
154 1728 331 1793 retardatos
346 1727 441 1793 fuisse
456 1727 659 1815 impingendo
673 1728 707 1791 in
720 1727 819 1792 latera
833 1730 927 1793 vasis.

110 1840 182 1904 Jam
197 1850 379 1922 computum
392 1860 452 1922 per
467 1838 619 1902 theoriam
634 1838 783 1916 ineundo,
799 1839 958 1924 prodeunt
972 1841 1097 1925 pondus
1111 1844 1199 1932 globi
1214 1846 1246 1909 in
1261 1867 1361 1910 vacuo

70 1946 153 2026 1391
174 1966 357 2031 granorum.
402 1943 560 2008 Excessus
582 1942 675 2032 hujus
696 1944 846 2030 ponderis
868 1967 963 2030 supra
984 1947 1111 2031 pondus
1131 1951 1219 2036 globi
1234 1941 1268 2013 in
1282 1951 1363 2038 aqud
1470 1996 1472 2000 ψ

71 2055 173 2136 13311
190 2074 280 2138 gran.
325 2052 489 2117 Diameter
502 2051 589 2138 globi
604 2062 635 2129 0,
649 2061 755 2118 99868
771 2053 835 2141 dig.
882 2054 966 2119 Octo
980 2056 1081 2120 tertiae
1095 2073 1200 2142 partes
1220 2059 1364 2124 diametri

68 2168 100 2235 3,
111 2166 218 2223 66315
234 2157 298 2244 dig.
343 2167 487 2252 Spatium
502 2163 566 2227 tF
588 2171 707 2242 3,8060
722 2160 786 2250 dig.
835 2160 978 2245 Spatium
992 2163 1077 2248 quod
1091 2164 1205 2251 globus
1220 2165 1361 2250 pondere

70 2280 109 2355 71
135 2294 316 2361 granorum,
342 2285 482 2357 tempore
505 2272 618 2337 minuti
643 2274 735 2338 unius
761 2274 902 2351 secundi,
929 2274 996 2339 sine
1020 2272 1194 2339 resistentib
1219 2270 1363 2336 cadendo

68 2379 220 2444 describit
234 2389 265 2456 9,
277 2387 383 2445 88164
398 2378 463 2466 dig.
509 2379 552 2444 Et
566 2393 690 2466 tempus
706 2381 739 2446 G
753 2383 805 2458 0''‚
817 2390 956 2450 876848.
1001 2381 1126 2448 Globus
1148 2380 1253 2468 igitur,
1276 2378 1362 2443 velo·

69 2485 161 2550 citatc
175 2484 310 2549 maximi
326 2484 459 2571 quicum
472 2497 578 2570 potest
592 2488 624 2551 in
636 2486 717 2573 aqud
728 2487 759 2551 vi
768 2487 918 2573 ponderis
930 2492 967 2570 71
978 2511 1150 2578 granorum
1161 2487 1362 2566 descendere,

67 2608 210 2678 tempore
231 2598 282 2673 0‘'‚
294 2603 422 2664 376843
444 2594 592 2660 describit
612 2596 747 2681 spatium
769 2605 800 2675 3,
812 2607 896 2664 8066
917 2597 1098 2685 digitorum,
1122 2611 1154 2662 et
1168 2600 1308 2680 tempore
1327 2596 1364 2659 l“

68 2701 202 2784 spatium
219 2706 248 2777 7,
260 2706 367 2768 44766
383 2699 563 2788 digitorum,
580 2714 612 2767 et
625 2714 767 2789 tempore
777 2705 839 2768 35”
854 2726 910 2769 seu
925 2704 1155 2769 oscillationem
1171 2713 1213 2769 50
1225 2703 1362 2786 spatium

72 2815 239 2884 186,1915
255 2807 320 2895 dig.
367 2807 567 2873 subducatur
595 2809 731 2894 spatium
756 2819 784 2887 1,
798 2818 926 2877 386394
950 2810 986 2889 F,
1012 2833 1067 2875 seu
1091 2817 1217 2888 1,9454
1243 2808 1308 2896 dig.
1331 2822 1364 2873 et

68 2918 208 2983 manebit
230 2918 364 3002 spatium
390 2926 461 2996 184,
472 2926 554 2984 3461
580 2918 645 3006 dig.
661 2918 746 3005 quod
760 2919 874 3006 globus
889 2919 1000 2983 eodem
1015 2933 1156 3004 tempore
1172 2919 1203 2981 in
1219 2939 1292 2982 vase
1315 2916 1362 2981 la·

69 3024 189 3088 tissimo
203 3022 368 3088 describet.
415 3022 469 3087 Ob
491 3023 667 3110 angustiam
688 3023 770 3087 rasis
791 3023 901 3102 nostri,
924 3024 1083 3088 minuatur
1097 3025 1158 3087 hoc
1174 3023 1308 3108 spatium
1329 3022 1363 3086 in

69 3135 190 3199 ratione
211 3158 283 3223 quae
303 3134 504 3220 componitur
525 3155 567 3198 ex
580 3133 805 3218 subduplicatd
826 3133 948 3197 ratione
969 3133 1080 3197 orificii
1102 3132 1183 3197 vasis
1198 3132 1239 3195 ad
1254 3150 1363 3196 exces-

71 3263 140 3304 sum
154 3243 248 3328 hujus
269 3240 381 3306 orificii
403 3263 499 3326 supra
519 3240 765 3305 semi-circulum
787 3240 960 3305 maximum
980 3241 1077 3328 globi,
1105 3255 1137 3306 et
1158 3235 1290 3325 simplici
1310 3236 1363 3304 ¹ra·

71 3348 156 3412 tione
170 3348 310 3433 ejusdem
321 3347 432 3412 orificii
446 3346 487 3410 ud
502 3369 665 3411 excessum
686 3349 754 3432 ejus
776 3369 871 3432 supra
882 3347 1043 3420 ,circulum
1065 3348 1244 3412 maximum
1258 3347 1363 3433 globi;

71 3470 103 3521 et
117 3454 283 3518 habebitur
298 3455 433 3538 spatium
450 3454 521 3528 181,
534 3462 575 3518 86
591 3450 778 3540 digitorum,
788 3453 873 3539 quod
884 3452 997 3540 globus
1011 3454 1045 3516 in
1059 3453 1121 3517 hoc
1134 3475 1207 3517 vase
1221 3466 1364 3538 tempore

71 3561 300 3627 oscillatiouum
315 3570 359 3626 50
372 3558 550 3623 describere
563 3558 672 3623 debuit
684 3581 743 3644 per
757 3559 910 3623 theoriam
925 3558 1174 3645 quamproxime.
1211 3560 1363 3645 Descrip-

72 3671 113 3733 sit
127 3666 202 3732 verb
216 3666 352 3751 spatium
369 3672 431 3730 183
445 3663 616 3751 digitorum
629 3677 772 3749 tempore
790 3663 1020 3730 oscillatiouum
1035 3668 1097 3746 491
1113 3664 1163 3729 vel
1179 3672 1221 3730 60
1234 3686 1293 3750 per
1306 3687 1362 3731 cx·

71 3778 290 3863 perimentum.
963 3794 974 3821 ‘'-
1359 3840 1363 3845 .

115 3888 231 3968 Eaper.
250 3893 281 3950 5.
326 3885 425 3950 Globi
446 3896 581 3973 quatuor
600 3885 741 3970 pondere
759 3886 840 3964 1541
858 3907 948 3974 gran.
965 3887 997 3949 in
1013 3882 1365 3972 111111131181111111

72 3995 152 4082 aquai
175 4016 260 4080 saepe
281 3995 416 4073 demissi,
440 3997 594 4061 cadebant
614 4009 756 4081 tempore
778 3993 1097 4075 ο111111111ο1111111381,
1114 4000 1167 4069 39,
1184 3994 1363 4074 39111130,

72 4116 105 4168 et
119 4123 345 4189 nonnunquam
362 4112 413 4181 31,
431 4111 473 4169 33
487 4115 520 4168 et
535 4113 587 4180 83,
604 4101 815 4168 describentes
830 4101 1026 4168 altitudinem
1047 4100 1166 4186 pedum
1186 4098 1365 4187 quindecim

72 4224 107 4277 et
120 4211 291 4298 digitorum
306 4199 452 4277 duorum.

118 4321 181 4395 Per
214 4321 368 4387 theoriam
400 4322 513 4407 cadere
543 4322 721 4387 debuerunt
752 4334 893 4406 tempore
923 4318 1153 4386 oscillatiouum
1183 4327 1225 4384 39
1257 4340 1365 4406 quam·
1427 4360 1439 4371 -

53 4430 227 4518 'proxime
792 4517 794 4522 Ι

115 4546 231 4627 Erpcr.
257 4552 287 4608 6.
334 4543 432 4608 Globi
458 4543 597 4630 quinque
626 4541 767 4625 pondere
797 4541 882 4619 3131
911 4563 1001 4628 gran.
1030 4539 1065 4604 iu
1088 4542 1161 4604 aiirc
1186 4543 1304 4622 111781
1333 4539 1368 4603 in

74 4651 153 4738 aqua
191 4673 275 4738 soepe
312 4651 450 4730 demissi,
489 4650 644 4715 cadebant
680 4663 822 4734 tempore
859 4647 1090 4713 oscillatiouum
1128 4655 1178 4725 15,
1212 4651 1283 4729 151,
1316 4655 1368 4724 16,

692 4761 744 4816 oc
