3098 5534
129 402 169 460 14
401 391 741 462 PHILOSOPHIAE
764 390 1048 473 unwanus,
1070 390 1127 454 &a
1237 388 1416 467 [Durium.

122 604 201 667 pora
226 582 330 667 aliquo
353 581 525 670 longinqua
549 581 655 645 datam
676 580 758 642 inter
783 601 816 641 se
836 578 1021 661 positionem
1042 575 1204 653 serrantia,
1228 574 1332 661 qualia
1346 588 1418 640 sunt

125 689 230 756 stelle
246 690 336 753 Fixae
350 690 383 752 in
398 688 577 776 regionibus
594 687 755 752 Coelorum
770 686 835 770 (¹),
858 685 929 747 sciri
950 684 1076 770 quidem
1100 704 1166 746 nou
1186 693 1291 766 posset
1312 704 1353 746 ex
1367 703 1417 746 re-

121 796 215 860 lativa
240 796 405 883 globorum
430 794 631 858 translatione
653 792 734 856 inter
755 811 897 874 oorpora,
920 791 1026 853 utum
1039 789 1088 853 his
1102 811 1144 852 an
1158 788 1218 851 illis
1232 788 1417 853 tribuendus

121 914 199 966 esset
213 914 324 966 motus.
370 902 415 965 At
428 903 454 964 si
471 899 681 966 attenderetur
702 897 743 962 ad
764 897 861 973 filum,
886 908 917 959 et
938 895 1222 980 deprehenderetur
1243 895 1416 958 tensionem

121 1010 186 1094 ejus
200 1009 286 1072 illam
300 1009 398 1093 ipsam
413 1028 585 1093 essequam
600 1019 702 1068 motus
723 1003 892 1090 globorum
906 1003 1086 1087 requireret,
1109 999 1295 1064 concludere
1308 1000 1416 1067 liceret

123 1127 243 1179 motum
257 1135 325 1179 esse
338 1114 514 1201 globorum,
537 1124 569 1176 et
583 1133 715 1195 corpora
729 1111 885 1196 quiescere
889 1133 899 1186 ;
922 1121 953 1172 et
974 1120 1041 1172 tum
1063 1107 1190 1172 demum
1204 1129 1245 1171 ex
1259 1107 1416 1172 translati-

120 1244 181 1286 one
208 1221 374 1309 globorum
399 1221 480 1285 inter
509 1241 650 1303 corporo,
673 1218 962 1283 determinationem
990 1216 1082 1302 hujus
1117 1228 1221 1279 motus
1257 1215 1413 1303 colligere.

121 1328 230 1393 Motus
244 1341 348 1393 autem
362 1348 453 1392 veros
467 1349 507 1390 ex
529 1347 641 1390 eorum
662 1325 770 1402 causis,
794 1323 959 1400 effectibus,
984 1335 1015 1387 et
1029 1322 1248 1407 apparentibus
1269 1321 1415 1389 differen-

120 1434 169 1498 tiis
184 1434 339 1521 colligere,
362 1446 394 1497 et
408 1445 516 1498 contra
530 1454 572 1496 ex
594 1432 729 1495 motibus
750 1454 805 1495 seu
819 1431 898 1494 veris
912 1453 966 1494 seu
981 1429 1201 1514 apparentibus
1216 1452 1326 1493 eorum
1340 1453 1414 1496 cau-

120 1564 168 1605 sas
191 1552 222 1605 et
245 1540 379 1618 effectus,
403 1538 568 1603 dooebitur
592 1536 687 1601 fusius
711 1539 744 1602 in
767 1537 973 1624 sequentibus.
1018 1536 1118 1601 Hunc
1142 1536 1227 1600 enim
1254 1537 1288 1601 iu
1316 1538 1413 1604 finem

121 1648 304 1713 Tractatum
319 1658 497 1735 sequentem
512 1645 683 1730 composui.

119 1850 233 1896 ommim,
250 1840 327 1895 idest,
344 1840 531 1902 circaprmctum
541 1839 664 1903 equilibrii
675 1838 749 1886 revol-
781 1839 870 1887 tissime
892 1839 1021 1887 illustratur
1043 1837 1151 1901 exemplo
1176 1839 1242 1887 naria
1268 1841 1412 1904 aquatilia«

115 1904 228 1956 rentium.
239 1904 393 1951 immone
403 1919 431 1950 ax
447 1904 515 1951 aucti
531 1903 567 1951 rel
583 1902 700 1950 diminuti
716 1902 750 1949 fili
781 1913 858 1957 mota.
875 1904 944 1968 cujus
960 1912 1046 1959 motus,
1063 1905 1093 1951 ab
1110 1903 1139 1951 iis
1154 1903 1196 1978 qui
1215 1904 1269 1951 navi
1285 1906 1410 1963 vehuntur,

119 1965 224 2015 wadone
255 1977 410 2032 augmentum
435 1967 473 2015 vel
498 1967 673 2015 dauementum
699 1982 750 2014 mo·
781 1967 855 2014 oculis
866 1983 914 2015 nora
929 1968 1062 2028 percipitur,
1079 1967 1139 2015 dum
1154 1967 1231 2015 littora
1247 1970 1362 2033 urbesque
1372 1970 1412 2019 fu·

119 2031 165 2086 tin,
181 2032 224 2080 dc.
395 2096 401 2108 ι
669 2094 676 2107 .
726 2095 732 2105 .
781 2046 837 2093 gere
858 2031 973 2078 ridentur.
1018 2032 1057 2078 Ex
1079 2031 1166 2092 optioes
1187 2032 1306 2093 principiis
1327 2036 1411 2081 honrrn

118 2094 750 2220 „ildrfflnlddnftniffl
780 2094 1111 2222 gffit‘tttttlzff
1118 2105 1413 2220 mmm

117 2225 219 2271 moubus
230 2225 393 2284 apparentibus
407 2222 535 2270 discernere
551 2237 599 2269 non
615 2232 697 2282 ponet,
717 2237 748 2268 an
779 2223 895 2269 actualem
914 2222 1058 2269 voluntatem
1074 2233 1166 2270 nosmet
1186 2224 1296 2271 morendi
1318 2240 1410 2274 exeroa·

118 2287 209 2348 globus,
221 2303 252 2335 an
260 2286 385 2335 uetaret
395 2299 536 2344 merentum
548 2285 748 2349 quenadmodum
780 2301 840 2339 mus.
852 2285 951 2333 eandam
961 2296 1067 2346 respectu
1074 2286 1137 2334 oculi
1150 2288 1289 2347 positionem
1299 2298 1409 2337 eoum

117 2350 207 2398 telluris
222 2351 305 2399 incola
316 2365 344 2398 ex
356 2351 475 2412 apparenti
490 2351 611 2397 stellarum
625 2361 693 2397 rnotu
703 2349 744 2396 de-
777 2357 812 2396 ter
823 2360 921 2403 servant,
938 2351 971 2396 ita
990 2361 1017 2398 ut
1036 2367 1117 2398 eorum
1135 2352 1212 2413 imago
1228 2367 1282 2414 quae
1297 2352 1323 2399 in
1334 2352 1410 2402 suoru

116 2416 240 2463 terminare
255 2431 304 2463 non
320 2427 422 2476 possunt,
439 2429 471 2461 an
485 2414 559 2462 atelle
574 2413 625 2461 rerd
636 2428 745 2460 moroan-
776 2413 839 2460 oculi
857 2413 968 2475 pingitur,
992 2414 1090 2461 eandem
1108 2430 1199 2474 semper
1217 2415 1297 2463 retine
1319 2427 1410 2476 partera

116 2488 166 2537 tur;
186 2480 234 2527 sira
250 2480 315 2526 anim
331 2494 388 2525 cum
402 2478 464 2525 terri
479 2493 621 2530 moveamur,
639 2488 662 2525 et
673 2476 745 2524 della
776 2488 884 2537 occupet:
903 2493 930 2524 ea
948 2475 1002 2526 verri
1019 2479 1109 2542 objecta
1125 2479 1211 2526 moveri
1229 2479 1338 2527 ridentur
1355 2497 1410 2544 qu·

116 2543 236 2606 quieseant
246 2541 356 2596 absolutd
369 2541 417 2588 sire
427 2557 441 2588 e
451 2540 532 2588 contri
541 2550 679 2588 moveantur
688 2540 743 2588 nel.
774 2550 880 2601 respectu
890 2541 952 2587 oculi
963 2543 1035 2588 situm
1045 2557 1116 2589 suum
1126 2540 1239 2590 eontinud
1249 2553 1351 2600 mutant,
1366 2561 1407 2594 atu

116 2606 146 2652 ln
156 2617 180 2654 et
191 2616 251 2655 terra
261 2606 369 2668 quiescat,
387 2604 476 2653 eadem
489 2605 587 2651 omnino
601 2615 657 2651 sunt
672 2620 743 2665 appa-
774 2619 876 2668 qnorum
890 2605 1004 2667 imagines
1019 2605 1120 2655 dirutas
1134 2605 1215 2657 retina
1229 2618 1306 2671 partes
1316 2624 1408 2660 suman

117 2670 204 2726 reuda
221 2669 381 2720 ddemmotrta
395 2668 494 2729 ralatiri3
511 2668 575 2731 quod
589 2668 685 2731 quidem
701 2683 743 2716 oo-
774 2667 823 2716 siri
837 2679 958 2730 occupent.
