3098 5534
196 361 273 426 xviii
736 370 964 439 EDITORIS

196 536 327 605 taudem
341 539 523 622 edocemur,
547 541 609 630 qul
625 543 776 609 niminlm
792 545 864 634 lege
877 546 925 610 vis
944 546 1104 635 gravitatis
1128 546 1290 612 decrescat
1311 545 1346 609 iu
1365 545 1497 632 majori·

194 648 255 714 bus
266 650 410 717 stellare
426 653 592 719 distantiis.
641 655 726 719 Nam
741 651 813 720 clim
828 657 965 744 gravitas
976 677 1041 721 uon
1055 656 1180 721 diversa
1193 656 1234 721 sit
1244 678 1264 722 a
1274 657 1306 720 vi
1320 649 1495 740 centripets

194 755 308 837 luxuri,
331 759 401 825 haec
415 761 492 825 verb
506 762 548 827 sit
565 762 725 848 reciprocis
739 763 983 848 proportionalis
992 765 1145 852 quadrato
1158 764 1335 843 distanti&
1357 763 1496 847 dimittu-

195 879 266 932 ctur
279 881 312 933 et
325 868 462 955 gravitas
477 869 510 932 in
525 869 634 934 eadem
651 871 782 935 ratione.

240 978 488 1067 Progrediamur
505 981 574 1066 jam
596 981 638 1045 ad
662 981 805 1067 planetas
825 981 973 1069 reliquos.
1018 983 1179 1059 Quoniam
1204 982 1414 1048 revolutiones
1428 982 1497 1067 pri·

193 1088 367 1152 mariarum
390 1089 474 1153 circa
499 1087 598 1153 solem
613 1101 646 1153 et
671 1089 928 1156 secundariorum
954 1091 1037 1154 circa
1050 1092 1158 1176 jovem
1180 1101 1214 1155 et
1237 1101 1401 1155 saturnum
1420 1098 1497 1153 suut

192 1193 405 1280 phaenomena
433 1196 559 1285 gcnerb
588 1196 728 1282 ejusdem
742 1219 780 1264 ac
808 1198 962 1264 revolutio
983 1198 1067 1263 lunae
1082 1200 1166 1264 circa
1193 1210 1320 1277 terram,
1342 1198 1497 1286 quoniam

192 1303 290 1390 porrd
304 1305 555 1371 demonstratum
577 1318 626 1372 est
640 1307 722 1374 virsa
737 1308 925 1393 centripctas
940 1309 1162 1394 primariorum
1176 1309 1271 1397 dirigi
1284 1306 1394 1374 varsula
1420 1328 1497 1374 ceu·

191 1426 277 1479 trum
291 1414 376 1493 solis,
400 1415 658 1483 secundariorum
682 1415 792 1482 versils
806 1418 1006 1504 centrajovis
1028 1431 1060 1483 et
1074 1419 1203 1498 saturni,
1227 1419 1496 1506 quemadmodum

190 1521 279 1588 lunae
300 1523 348 1588 vis
376 1525 552 1610 cautripeta
580 1525 689 1590 versils
717 1539 812 1592 terrae
841 1539 984 1594 centrum
1013 1529 1178 1618 dirigitur;
1200 1529 1320 1608 adhaec
1344 1529 1497 1617 quoniam

192 1653 305 1696 omnes
319 1631 384 1694 illoe
398 1632 480 1697 vires
495 1644 570 1698 sunt
582 1633 743 1719 reciprood
757 1648 794 1700 ut
807 1635 962 1722 quadrata
976 1635 1194 1702 distantiarum
1208 1661 1228 1703 a
1242 1636 1367 1715 centris,
1383 1658 1497 1724 quesu-

191 1742 365 1807 admodum
388 1743 435 1808 vis
461 1744 547 1808 lunae
561 1756 610 1810 est
629 1756 665 1809 ut
687 1744 876 1830 quadratum
899 1747 1057 1811 distantiae
1074 1770 1094 1811 a
1116 1758 1217 1812 terra:
1241 1745 1498 1815 concludendum

190 1853 394 1920 aritaandem
409 1878 478 1921 esse
504 1866 650 1920 naturam
664 1855 827 1921 universis.
873 1857 985 1944 Imque
1010 1868 1046 1920 ut
1073 1855 1149 1921 luna
1163 1856 1296 1944 gravitat
1310 1856 1342 1920 in
1364 1874 1495 1933 terram,

191 1975 224 2029 et
233 1978 318 2031 terra
331 1967 469 2032 vicissim
483 1969 517 2032 in
531 1968 658 2047 luuam;
681 1969 726 2036 sic
739 1971 835 2035 etiam
849 1969 1050 2059 gravitabunt
1063 1990 1174 2034 omnes
1189 1967 1366 2032 secundarii
1380 1966 1414 2031 in
1428 1965 1496 2052 pri-

191 2073 309 2140 marios
320 2097 403 2155 suos,
427 2090 459 2143 st
472 2078 614 2162 primarii
627 2077 766 2142 vicissim
775 2078 809 2142 in
824 2075 1042 2154 secundariam
1065 2076 1109 2140 sic
1124 2086 1157 2140 et
1170 2096 1280 2140 omues
1294 2073 1437 2160 primarii
1460 2073 1498 2138 iu

193 2181 303 2260 solem,
327 2195 360 2248 et
374 2184 422 2248 sol
437 2185 573 2250 vicissim
588 2185 622 2248 in
635 2185 813 2270 primarios.

239 2289 343 2378 Igitur
357 2292 405 2357 sol
429 2293 462 2358 iu
476 2293 619 2380 planetas
634 2295 797 2359 universos
819 2294 954 2382 gravitat
979 2304 1011 2358 et
1036 2292 1173 2358 universi
1198 2293 1231 2356 in
1255 2291 1365 2358 solem.
1410 2292 1497 2359 Nam

89 2436 91 2442 ·
190 2399 369 2465 secundarii
393 2400 471 2465 dum
496 2401 663 2486 primarios
688 2424 762 2466 suos
787 2401 987 2478 comitantur,
1010 2400 1216 2466 revolvuntur
1241 2398 1362 2466 interea
1376 2397 1497 2465 merliu

190 2509 290 2574 solem
305 2509 370 2574 und
383 2533 457 2575 cum
473 2511 640 2596 primariis.
688 2511 812 2576 Eodem
835 2511 943 2597 itaque
962 2522 1159 2598 argumento,
1186 2510 1349 2595 utriusque
1370 2509 1497 2596 generis

188 2616 326 2701 planeta
341 2618 499 2705 gravitaut
512 2618 547 2681 in
561 2618 671 2695 solem,
695 2629 727 2682 ct
750 2617 798 2681 sol
823 2618 857 2680 in
877 2618 972 2702 ipsos.
1019 2617 1229 2683 secundarios
1252 2616 1328 2683 verb
1352 2616 1498 2702 planetas

189 2721 224 2785 iu
239 2722 337 2788 solem
353 2724 510 2811 gravitate
524 2724 650 2789 abund&
665 2725 794 2810 iusuper
813 2737 937 2789 constat
958 2747 999 2788 ex
1023 2725 1287 2811 inaequalitatibus
1312 2724 1496 2800 lunaribus3

190 2854 328 2919 quarum
353 2833 617 2899 accuratissimam
641 2832 805 2911 theoriam,
829 2833 1015 2897 admiranda
1040 2834 1207 2921 sagacitate
1232 2832 1432 2919 patefactam,
1461 2832 1497 2898 in

189 2941 286 3007 tortio
300 2941 394 3027 hujus
408 2943 514 3027 operis
528 2941 611 3006 libro
631 2940 809 3026 expositam
823 2940 985 3004 habemus.

235 3048 319 3115 Solis
334 3049 482 3115 virtutem
501 3050 697 3115 attractivam
713 3024 967 3137 quoifuoversum
981 3050 1151 3138 propagari
1167 3050 1209 3114 ad
1231 3050 1375 3138 ingentes
1395 3068 1497 3136 usque

189 3156 364 3236 distantias,
388 3170 420 3223 et
435 3181 504 3223 sese
518 3157 696 3223 diffundere
710 3157 752 3222 ad
777 3157 916 3245 singulus
942 3157 1133 3241 circumjecti
1148 3156 1241 3242 spatii
1263 3169 1380 3241 partes,
1403 3176 1498 3241 aper·

54 3244 59 3253 ¹
101 3296 106 3309 ·
189 3266 309 3332 tissimd
324 3267 431 3356 colligi
456 3280 562 3354 potest
585 3290 626 3332 ax
649 3279 738 3332 motu
754 3279 947 3331 cometarum
959 3289 968 3342 ;
992 3266 1047 3351 qui
1068 3266 1108 3330 ab
1134 3265 1294 3329 immensis
1324 3263 1498 3330 intervallis

189 3377 323 3464 profecti
340 3378 484 3444 feruntur
498 3379 531 3441 in
553 3377 699 3442 viciniam
713 3376 797 3455 solis,
814 3390 846 3441 et
860 3397 1088 3462 nonnunquam
1110 3373 1190 3439 adeb
1208 3374 1369 3459 adipsum
1383 3373 1497 3458 proxi·

189 3489 242 3554 md
266 3490 421 3556 accedunt
442 3502 478 3555 ut
500 3489 632 3577 globum
658 3490 736 3574 ejus,
758 3488 792 3551 iu
818 3486 976 3572 periheliis
1000 3485 1063 3549 suis
1089 3496 1258 3560 versantes,
1282 3479 1406 3546 tantum
1429 3504 1498 3547 nou

190 3601 376 3690 contingere
390 3601 565 3667 videantur.
612 3600 742 3665 Horum
768 3598 923 3665 theoriam
947 3599 988 3663 ab
1013 3598 1199 3663 astronomis
1217 3596 1349 3662 antehac
1378 3596 1499 3661 frustrd

190 3710 365 3796 quaesitam,
389 3723 498 3774 nostro
513 3708 641 3774 tandem
656 3707 773 3772 saeculo
798 3706 930 3771 faciliter
952 3707 1111 3770 hiventam
1126 3718 1158 3769 et
1179 3727 1236 3790 pes·
1259 3704 1497 3770 observationes

190 3816 361 3882 certissimd
375 3817 631 3895 demonstratam,
654 3816 913 3902 praestantissimo
936 3829 1045 3879 nostro
1069 3814 1189 3878 auctori
1215 3813 1377 3879 debemus.
1401 3815 1499 3880 Patet

191 3924 287 4013 igitur
302 3941 439 3991 cometas
454 3925 487 3989 in
501 3924 692 3990 sectionibus
718 3924 835 3988 conicis
850 3923 1015 3988 umbilicos
1044 3922 1078 3985 in
1092 3934 1203 3986 centro
1218 3921 1292 3986 solis
1304 3921 1498 3988 habentibus

191 4034 320 4110 moveri,
344 4046 377 4099 et
401 4032 496 4097 radiis
522 4033 563 4096 ad
585 4031 683 4097 solem
709 4031 812 4095 ductis
834 4053 923 4095 areas
946 4029 1140 4116 tcmporibus
1164 4029 1420 4116 proportionales·
1438 4033 1497 4099 de·

192 4141 338 4207 scribere.
370 4142 423 4208 Ex
437 4141 524 4206 hisce
535 4141 610 4206 verb
624 4139 841 4226 phoenomenis
856 4138 1053 4204 manifestum
1069 4152 1160 4204 estet
1172 4138 1392 4205 mathematicd
1407 4162 1497 4208 com·

191 4248 353 4331 probatur,
377 4249 458 4314 vires
473 4248 553 4327 illas,
576 4248 690 4335 quibus
706 4259 837 4312 cometae
861 4248 1036 4312 retinentur
1050 4248 1084 4310 in
1110 4247 1219 4312 orbitis
1240 4248 1314 4327 suis,
1337 4250 1497 4334 respicere

192 4353 290 4418 solem
304 4367 337 4419 et
351 4379 419 4421 casa
434 4355 594 4442 reciprocd
609 4368 645 4420 ut
660 4355 813 4442 quadrata
826 4355 1046 4420 distantiarum
1055 4357 1095 4421 ab
1111 4357 1207 4441 ipsius
1220 4369 1339 4422 centro.
1377 4360 1497 4426 Gravi-

192 4474 261 4527 tant
275 4463 380 4551 itaque
395 4480 526 4531 cometae
541 4466 573 4530 in
589 4466 705 4530 solem:
729 4478 823 4551 utque
846 4465 927 4530 adad
941 4465 1013 4530 solis
1030 4467 1076 4530 vis
1098 4468 1260 4531 attractiva
1277 4491 1345 4539 non
1369 4470 1498 4542 tanttlm

193 4573 234 4640 ad
249 4595 383 4660 corpora
396 4575 594 4661 planetarum
608 4577 642 4641 in
651 4576 733 4642 datis
747 4575 902 4642 distantiis
914 4590 944 4643 at
968 4577 1127 4667 in-eodsm
1142 4578 1207 4644 ferd
1220 4580 1317 4666 plano
1328 4581 1495 4666 collocata,
