3098 5534
123 395 240 463 Lim
251 395 422 476 Paruum]
468 393 710 461 PRINCIPIA
733 389 1109 463 MATHEMATICA,
1376 392 1420 454 47

643 564 820 630 LEMMA
843 561 902 628 IV.

134 719 165 783 Sl
178 718 211 781 la
224 717 460 802 diarrafibarris
475 717 505 781 A
520 740 540 781 a
554 739 572 780 c
588 715 627 795 E,
646 715 673 780 Ρ
687 739 710 800 p
724 739 741 778 r
756 714 797 792 T,
814 715 1018 779 imeribantur
1035 714 1089 801 (ul
1111 717 1217 803 irfia)
1233 720 1300 780 dua
1309 721 1420 800 paral-

174 829 428 909 lelogrammorum
444 827 543 901 series,
559 826 656 907 sitque
671 823 749 885 idem
763 822 913 885 amborum
924 844 1071 900 namma,
1087 833 1118 886 et
1130 824 1183 886 alri
1196 825 1372 887 latitudines
1387 827 1419 886 ia

159 928 161 933 ’
176 933 325 1016 irfiaitum
341 933 558 1008 diminuantur,
574 931 708 994 rationes
716 929 829 991 ultim
837 930 1187 1013 parallelogrammorum
1198 930 1232 992 ia
1245 929 1420 1014 anlfigard

179 1043 220 1103 orl
233 1042 525 1122 parallelogramma
548 1040 581 1100 in
595 1035 705 1112 altera,
729 1036 911 1119 singulorum
925 1037 969 1097 ad
983 1036 1191 1118 singala„sint
1201 1038 1309 1098 eadem
1318 1072 1330 1108 ,·
1354 1039 1421 1098 dico

182 1151 254 1232 qaod
262 1150 382 1233 figura
396 1149 463 1211 dua
477 1147 508 1211 A
519 1169 539 1209 a
553 1144 621 1225 oE,
638 1142 666 1207 P
680 1142 780 1227 prT,
794 1147 915 1208 suntad
924 1146 1047 1211 invicem
1058 1147 1093 1208 ia
1104 1144 1205 1210 eadem
1220 1145 1277 1213 ilat
1290 1147 1419 1209 ratione.

186 2587 307 2652 Etenim
321 2597 358 2649 ut
371 2594 445 2647 sunt
458 2579 750 2669 parallelogramma
772 2583 896 2674 singula
910 2582 951 2650 ad
966 2581 1097 2672 singula,
1120 2584 1166 2648 ita
1181 2582 1424 2670 (oomponendo)

154 2693 310 2758 fitsumma
331 2690 469 2755 omnium
491 2688 532 2752 ad
554 2710 708 2753 summam
723 2694 873 2771 omnium,
896 2694 985 2757 etita
999 2693 1101 2779 figura
1115 2692 1156 2754 ad
1170 2692 1321 2778 figuram
1344 2692 1426 2755 exis-

151 2817 219 2869 tente
241 2803 391 2867 nimirum
412 2797 513 2886 figura
535 2798 640 2882 priore
655 2804 726 2884 (per
741 2801 874 2865 Lemma
891 2802 969 2882 ΙΙΙ.)
992 2802 1032 2865 ad
1053 2823 1206 2864 summam
1225 2801 1372 2884 priorem,
1395 2813 1427 2863 et

149 2908 238 2997 figura
253 2905 428 2996 posteriore
442 2904 482 2966 ad
498 2925 649 2967 siunmam
664 2907 867 2988 posteriorem
884 2907 917 2969 in
932 2907 1052 2970 ratione
1066 2905 1258 2990 aequalitatis.
1297 2903 1340 2979 Q.
1355 2903 1425 2967 ed.

180 3020 280 3084 Corol.
304 3013 394 3079 Hinc
409 3012 435 3075 si
450 3011 521 3074 duae
537 3011 748 3098 cujuscunque
763 3014 889 3100 generis
905 3014 1133 3101 quantitatesin
1143 3012 1276 3075 eundem
1290 3012 1425 3095 partium
1508 3040 1513 3059 ι

143 3147 301 3191 numerum
330 3134 490 3206 utcunque
521 3118 701 3185 dividantur
708 3142 718 3196 ;
749 3135 781 3184 et
810 3135 915 3206 partes
945 3123 1017 3199 illoe,
1055 3121 1110 3186 ubi
1142 3143 1290 3185 numerus
1320 3142 1426 3184 earum

141 3249 265 3325 angetur
280 3246 313 3297 et
327 3228 512 3317 magnitudo
527 3228 710 3293 diminuitur
724 3231 758 3294 in
772 3231 943 3311 infinitum,
966 3233 1069 3296 datam
1094 3232 1254 3296 obtineant
1275 3233 1426 3295 rationem

140 3344 174 3407 ul
194 3344 341 3418 invicem,
368 3340 471 3424 prima
496 3338 537 3402 ad
562 3339 707 3422 primam,
735 3342 874 3405 secunda
900 3342 940 3405 ad
963 3342 1140 3418 secundam,
1166 3354 1348 3426 caeteraque
1370 3362 1428 3402 suo

139 3454 243 3517 ordine
266 3451 309 3515 ad
332 3463 478 3513 oaeteras:
506 3460 599 3512 erunt
613 3461 679 3512 tota
708 3450 749 3514 ad
774 3451 909 3516 invicem
930 3451 964 3516 in
986 3451 1100 3518 elidem.
1120 3452 1172 3516 illu
1199 3451 1270 3516 dani
1297 3451 1430 3514 ratione:

140 3560 217 3624 Nam
233 3559 261 3622 si
275 3559 310 3621 in
327 3555 498 3620 Lemmatis
513 3553 606 3639 hujus
620 3555 731 3642 figuris
746 3571 910 3622 sumantur
923 3558 1214 3645 parallelogramma
1235 3559 1316 3622 inter
1337 3578 1370 3619 se
1393 3568 1428 3620 ut

138 3709 240 3771 mrpari
258 3718 336 3770 potest
349 3722 392 3767 pro
410 3706 629 3769 parallelogrrmmo
650 3707 707 3763 Al,
727 3717 768 3757 aut
800 3709 838 3757 hic
847 3711 966 3772 cylindrus
973 3712 1003 3759 sit
1013 3712 1185 3770 infiniteaimus,
1197 3721 1260 3774 patet
1268 3714 1320 3774 (per
1328 3709 1428 3757 lamma

136 3776 203 3821 etiam
214 3789 258 3834 pro
268 3771 349 3835 figura
362 3774 383 3817 A
399 3772 420 3818 B
431 3772 448 3817 b
458 3785 479 3824 a,
497 3773 541 3818 boc
552 3781 593 3827 est,
605 3786 648 3831 pro
658 3771 768 3821 differen-
803 3775 837 3835 Ι.)
856 3776 963 3822 ultimam
979 3778 1093 3824 rationem
1104 3777 1172 3824 solidi
1190 3793 1219 3823 ex
1229 3775 1339 3836 cylindris
1350 3772 1427 3821 omni-

137 3840 283 3886 &mamm
296 3835 478 3883 mnilinearum
492 3838 514 3881 A
530 3835 608 3891 an,
623 3835 644 3881 B
658 3835 681 3880 E
692 3850 705 3882 c
716 3837 740 3883 b·
800 3840 844 3885 bur
863 3839 983 3901 compositi
999 3840 1030 3887 ad
1048 3840 1150 3888 solidum
1166 3856 1195 3887 ex
1213 3840 1327 3887 rotatione
1346 3837 1428 3898 figurae
1513 3854 1519 3875 ·

167 3908 221 3951 108.
245 3901 336 3949 Exhio
351 3899 456 3961 requitur
469 3897 570 3945 diversos
586 3899 768 3946 easainliniteai·
801 3903 934 3950 currilineoe
957 3905 980 3950 A
999 3904 1022 3951 E
1040 3920 1053 3952 e
1068 3920 1091 3962 a,
1112 3904 1221 3967 genitum
1243 3918 1292 3949 esse
1312 3902 1427 3948 rationem

138 3981 229 4015 mrum
239 3965 351 4021 ordinm
368 3978 423 4010 nrm
434 3973 554 4009 ostensum
564 3972 599 4009 eat
611 3966 681 4026 (107)
694 3963 769 4022 paral·
801 3967 945 4027 equalitatis.

251 4044 319 4075 mum
334 4028 359 4075 K
370 4027 387 4084 l,
404 4026 582 4073 inlinireaimum
598 4041 647 4073 esee
663 4036 770 4086 respectu
834 4031 870 4092 (¹⁴)
890 4036 942 4078 llo.
973 4031 1036 4079 Nam
1046 4032 1065 4079 ei
1077 4031 1225 4095 singulorum
1240 4028 1428 4092 parallelogram-

139 4093 350 4156 purallelogrnmmi
371 4094 393 4138 A
405 4091 430 4144 b,
449 4090 493 4137 hoc
509 4089 565 4138 raro
581 4089 770 4152 pmllalogram-
802 4108 895 4141 morum
906 4093 1006 4142 latitudo
1012 4097 1109 4159 equalis
1120 4107 1179 4143 esset
1191 4096 1258 4141 lineae
1271 4096 1293 4140 A
1309 4093 1334 4146 F,
1347 4093 1429 4154 ligura

139 4154 771 4216 mminfiniaamummrapeauareaeunilineae
802 4157 947 4218 insoriprreet
956 4158 1224 4220 figuraeeircumacriptre
1232 4156 1362 4207 differentia
1370 4157 1430 4204 toret

141 4224 255 4271 Alica.
802 4221 1106 4283 parallelogrammumAf,
1119 4223 1200 4286 (Lem.
1216 4221 1282 4282 ll·);
1294 4220 1430 4282 cumigitur

169 4293 222 4337 109.
235 4285 326 4348 logum
340 4286 362 4331 A
376 4283 400 4331 B
411 4298 424 4330 c
435 4298 456 4337 a,
468 4284 529 4331 circa
539 4299 608 4331 axem
619 4297 690 4331 suum
704 4284 727 4330 A
737 4282 769 4336 E,
803 4285 949 4346 singulorum
960 4287 1230 4349 parallelogrammorum
1243 4285 1341 4332 latitudo
1352 4287 1429 4331 minor

140 4352 277 4406 ruolmur,
295 4358 319 4396 ot
329 4348 441 4410 quelibet
456 4347 563 4396 ordinata
583 4348 605 4394 A
617 4364 639 4404 a,
654 4347 711 4405 Bb,
728 4345 769 4394 da-
802 4349 831 4394 ait
843 4349 964 4396 latitudine
977 4352 999 4396 A
1012 4351 1040 4406 F,
1053 4354 1093 4412 (ex
1102 4351 1170 4411 hyp)
1181 4349 1291 4411 predicta
1302 4349 1430 4411 figurarum

141 4413 356 4468 niretcimulom,
372 4412 441 4474 eujus
451 4422 493 4467 ast,
505 4413 612 4459 ordinata
622 4413 673 4472 ipsa
682 4410 769 4469 radius,
803 4411 934 4460 differentia
952 4414 1029 4461 minor
1047 4429 1141 4476 quoque
1159 4424 1195 4461 eet
1213 4414 1430 4478 parallelogramma

142 4480 256 4539 quodlibet
267 4477 433 4538 anangulum
445 4491 584 4522 evanescens
595 4490 621 4523 ut
635 4476 660 4522 K
670 4475 700 4532 B,
711 4491 726 4522 a
738 4476 768 4529 B,
805 4480 828 4523 A
840 4477 857 4522 l.

141 4541 393 4604 &nibeqlindrum
402 4552 584 4594 vanescentem,
595 4539 770 4601 etractangula,
836 4540 873 4604 (0)
888 4546 942 4588 lll·
964 4542 1090 4602 Propterea
1101 4543 1137 4589 ha·
1149 4541 1232 4606 flgurra
1242 4543 1332 4590 ultimae
1344 4541 1431 4605 (quoad

144 4604 188 4659 ΙΙ.
201 4608 225 4655 L
233 4622 268 4664 m,
282 4605 312 4653 Μ
323 4618 349 4661 n,
360 4604 418 4661 Do,
428 4604 661 4667 ringuladeaaribem
671 4604 772 4651 annulos
803 4605 939 4665 perimetros
948 4622 963 4653 a
973 4621 986 4653 c
998 4606 1033 4667 E)
1054 4621 1102 4653 non
1113 4617 1169 4654 erint
1179 4606 1313 4664 rectilinea,
1329 4623 1371 4654 seu
1385 4620 1432 4650 non

143 4671 227 4729 fflu,
243 4683 352 4735 quarum
362 4682 455 4715 mmm
465 4668 561 4730 aqualia
571 4670 615 4716 erit
625 4668 731 4730 cylindro
742 4682 771 4714 ex
803 4679 859 4717 sunt
869 4684 896 4715 ex
909 4670 1018 4717 lateribus
1028 4671 1097 4717 rectia
1129 4686 1261 4734 uocumque
1271 4685 1370 4718 numero
1382 4667 1431 4714 rni-

145 4732 397 4796 &mengun
410 4731 587 4794 Aldeueripto·
624 4735 704 4790 Quare
714 4748 771 4781 cum
803 4743 829 4782 to
839 4734 982 4796 composita,
998 4686 1245 4799 aedmtlgurarum
1263 4735 1433 4785 rectilineum
