3098 5534
654 365 917 436 suasano.
1289 349 1292 353 ’
1385 401 1429 445 xv

124 562 266 626 corpora
287 540 639 628 aqualiter1gravitat3
671 544 833 630 gravitatis
859 544 944 608 enim
973 527 1128 609 senonem
1142 567 1211 612 esse
1233 561 1374 616 mutuam
1397 565 1430 618 et

124 652 277 736 utrinque
305 651 471 737 aequalem,
495 652 541 716 sic
565 653 750 719 ostenditur.
795 654 1019 742 Distinguatur
1039 669 1133 721 terrae
1153 659 1248 724 totius
1271 661 1369 728 moles
1394 662 1429 727 in
1472 664 1476 670 ⁴

126 759 216 825 binas
243 781 450 847 quacumque
474 772 591 846 partes,
613 761 664 825 vel
683 762 820 849 aequales
844 763 893 827 vel
922 775 1082 852 utcunque
1103 767 1291 854 inaequales:
1309 772 1377 856 jam
1402 772 1436 836 si.

130 869 272 954 pondera
285 869 423 954 partium
433 891 500 933 non
514 882 621 936 essent
633 872 668 934 in
682 893 717 936 se
730 872 842 938 mutub
856 874 1007 960 aequalia3
1030 876 1156 944 cederet
1175 881 1313 964 pondus·
1325 882 1429 947 miuus

129 979 249 1064 majori,
274 992 421 1063 etpartes
436 979 613 1065 conjunctae
623 996 796 1068 pergerent
814 980 899 1046 recti
925 984 1045 1047 moveri
1070 983 1112 1049 ad
1136 985 1305 1066 inlinitum,
1321 1010 1429 1053 versus

127 1090 255 1178 plagam
269 1091 303 1155 in
318 1112 415 1176 quam
429 1089 531 1155 tendit
543 1090 670 1175 pondus
684 1093 802 1176 majus:
825 1090 955 1156 omninb
970 1104 1080 1159 contra
1090 1096 1326 1179 experientiam.
1365 1098 1431 1163 Ita·

128 1222 188 1285 que
202 1197 376 1262 dicendum
390 1198 461 1275 erit,
483 1198 626 1282 pondera
646 1200 782 1283 partium
812 1199 846 1262 in
871 1199 1047 1285 aequilibrio
1069 1223 1137 1266 esse
1159 1203 1345 1269 constituta:
1367 1204 1431 1270 hoc

129 1324 185 1386 est,
211 1312 378 1396 gravitatis
392 1310 548 1376 actionem
562 1332 630 1375 esse
643 1322 785 1376 mutuam
800 1322 832 1374 et
845 1310 992 1396 utrinque
1014 1312 1177 1398 aqualem.

171 1420 324 1485 Pondera
339 1442 519 1505 corporum,
542 1419 705 1508 equaliter
719 1443 739 1484 a
753 1432 862 1484 centro
876 1432 971 1483 terrae
984 1418 1176 1499 distantium,
1193 1435 1267 1488 sunt
1280 1436 1317 1489 ut
1331 1447 1430 1512 quana

128 1530 232 1594 titates
246 1530 388 1593 materiae
402 1530 436 1592 in
450 1529 645 1614 corporibus.
692 1528 769 1593 Hoc
793 1528 900 1613 utique
915 1527 1073 1614 colligitur
1087 1550 1128 1593 ex
1142 1532 1256 1616 aequali
1276 1524 1430 1600 accelera-

128 1640 213 1703 tione
228 1661 400 1724 corpornm
414 1638 570 1718 omnium,
590 1662 609 1704 e
632 1638 736 1725 quiete
759 1659 818 1722 per
831 1636 1008 1721 ponderum
1031 1637 1112 1702 vires
1136 1638 1333 1705 cadentium:
1356 1630 1443 1709 nam'

128 1748 208 1811 rues
225 1747 342 1834 quibus
365 1747 532 1834 maequalia
546 1767 680 1832 corpora
700 1746 862 1833 aequaliter
885 1745 1108 1822 accelerantur,
1131 1745 1249 1811 debent
1274 1770 1342 1814 esse
1356 1771 1431 1836 pro·

127 1856 322 1941 portionales
337 1856 563 1943 quantitatibus
578 1855 718 1920 materiae
739 1853 913 1918 morendae.
957 1853 979 1917 J
980 1875 1031 1916 am
1046 1852 1121 1917 verb
1137 1876 1272 1939 corpora
1285 1857 1432 1924 universa

128 1963 276 2029 cadentia
290 1963 454 2049 equaliter
467 1962 646 2039 acoelemri,
663 1983 704 2026 ex
718 1984 758 2027 eo
771 1972 868 2046 patet,
882 1960 969 2048 quod
992 1961 1026 2024 in
1049 1983 1149 2026 vacuo
1172 1963 1328 2050 Boyliano
1351 1978 1431 2032 tem·

126 2071 260 2159 poribus
274 2072 449 2159 equalibus
461 2072 596 2159 aequalia
610 2072 711 2156 spatia
725 2070 868 2136 cadendo
879 2070 1070 2150 describunt,
1084 2070 1205 2136 sublati
1217 2072 1336 2138 scilicet
1349 2076 1431 2141 airis

126 2181 325 2246 resistentib:
348 2178 524 2244 accuratius
538 2192 645 2244 autem
656 2179 883 2264 comprobatur
901 2200 960 2264 per
974 2179 1190 2262 experimenta
1208 2181 1430 2265 pendulorum.

168 2290 266 2356 Vires
283 2290 455 2356 attractboe
466 2308 645 2376 corporum,
668 2289 703 2353 in
716 2289 889 2375 equalibus
903 2286 1068 2364 distantiis,
1092 2299 1166 2351 sunt
1191 2301 1227 2352 ut
1241 2291 1431 2374 quantitates

124 2398 270 2463 materioe
285 2397 320 2461 in
333 2397 528 2483 corporibus.
574 2397 658 2462 Nam
672 2395 746 2461 crim
768 2419 901 2483 corpora
914 2397 948 2460 in
962 2411 1078 2462 terram
1101 2412 1134 2464 et
1147 2411 1232 2466 terra
1245 2400 1382 2465 vicissim
1396 2401 1431 2464 in

124 2531 265 2596 corpora
280 2509 445 2573 momentis
467 2509 639 2596 equalibus
662 2507 837 2595 grautent3
860 2519 953 2573 terrae
982 2507 1108 2593 pondus
1122 2509 1156 2571 in
1181 2510 1431 2597 unumquodque

124 2641 255 2704 corpus,
281 2640 335 2683 seu
351 2620 397 2682 vis
413 2618 474 2704 qui
490 2639 605 2704 corpus
622 2617 744 2683 ¹terram
767 2617 905 2695 attrahit,
930 2618 1107 2703 aequabitur
1130 2617 1266 2703 ponderi
1289 2618 1431 2705 corporis

125 2731 272 2817 ejusdem
287 2731 322 2794 in
334 2742 462 2795 terram.
508 2729 586 2794 Hoc
599 2741 705 2793 autem
715 2728 841 2813 pondus
863 2728 923 2791 erit
937 2739 972 2791 ut
986 2727 1142 2814 quantitas
1156 2728 1298 2792 materiae
1311 2727 1346 2791 in
1360 2751 1431 2794 cor·

126 2863 224 2925 pore:
246 2840 412 2927 itaquevis
428 2838 489 2926 qui
504 2860 620 2923 corpus
635 2836 883 2922 unumquodque
897 2847 1014 2900 terram
1037 2836 1174 2916 attrahit,
1198 2838 1263 2902 sive
1289 2839 1430 2924 corporis

128 2950 172 3012 ris
183 2948 342 3025 absoluta,
367 2947 427 3011 erit
439 2961 476 3010 ut
490 2945 600 3010 mdem
612 2944 768 3030 quantitas
783 2946 931 3010 materiae.

169 3055 288 3121 Oritur
299 3077 376 3138 ergo
390 3066 423 3118 et
437 3053 637 3137 componitur
651 3053 697 3116 vis
716 3053 878 3117 attractiva
901 3075 1070 3139 corporum
1084 3057 1279 3144 integrorum
1301 3064 1343 3124 ex
1356 3059 1431 3123 viri-

128 3161 370 3228 busattractiris
384 3161 541 3245 partium-z
565 3159 719 3245 siquidem
742 3158 834 3224 aucti
856 3160 906 3224 vel
929 3161 1082 3227 diminuti
1102 3163 1187 3229 mole
1205 3166 1354 3244 materiae,
1379 3189 1430 3231 os·

130 3287 254 3340 tensum
269 3286 328 3350 est,
350 3270 628 3357 proportionaliter
642 3270 751 3358 augeri
764 3270 815 3335 vel
830 3270 962 3334 diminui
977 3273 1043 3358 ejus
1058 3272 1216 3339 virtutem.
1263 3277 1357 3358 Actio
1371 3277 1430 3343 its.

131 3406 187 3470 que
203 3385 328 3449 telluris
343 3406 384 3447 ex
406 3382 580 3467 conjunctis
602 3381 740 3466 partium
763 3380 937 3445 actionibus
962 3382 1091 3446 conflari
1113 3383 1270 3449 censenda
1284 3386 1344 3450 erit
1351 3409 1361 3463 ς
1383 3398 1430 3450 at·
1496 3396 1500 3404 '

130 3516 190 3580 que
204 3491 288 3559 adeb
296 3515 432 3577 corpora
445 3491 552 3555 omnia
576 3489 736 3553 terrestria
761 3511 795 3553 se
810 3488 920 3553 mutub
944 3488 1068 3553 trabere
1084 3503 1209 3574 oportet
1233 3492 1352 3561 viribus
1375 3493 1430 3558 ab·

129 3604 250 3681 solutis,
275 3625 346 3689 quae
361 3602 424 3666 sint
438 3600 478 3663 in<
486 3600 607 3663 ratione
621 3599 761 3663 materiae
775 3598 937 3663 trahentis.
983 3596 1067 3661 Haec
1082 3611 1130 3662 est
1143 3611 1256 3665 natura
1268 3601 1429 3688 gravimis

128 3713 213 3798 apud
238 3724 374 3775 terram:
397 3708 558 3772 rideamus
564 3708 632 3791 jam
647 3706 747 3792 qualis
762 3706 804 3769 sit
817 3705 849 3768 in
864 3705 961 3770 coelis.

171 3823 300 3905 Corpus
312 3840 406 3884 omne
420 3836 621 3902 perseverare
635 3813 670 3875 in
685 3824 767 3878 statu
787 3835 844 3877 suo
858 3812 909 3876 vel
931 3815 1112 3900 quiescendi
1127 3817 1177 3881 vel
1197 3816 1344 3881 movendi
1359 3818 1429 3884 uni·

132 3929 272 3993 formiter
291 3929 326 3991 in
339 3927 505 4000 directum,
532 3922 592 3985 nisi
607 3933 760 4007 quatenus
775 3944 793 3984 a
808 3920 926 3984 viribus
951 3923 1111 4007 impressis
1126 3924 1250 4013 cogitur
1263 3937 1378 3989 statum
1392 3925 1429 3989 il-

135 4037 198 4101 lum
210 4049 352 4112 mutare3
374 4046 496 4098 naturae
509 4031 562 4096 lex
585 4044 634 4095 est
647 4031 689 4094 ab
702 4029 848 4094 omnibus
862 4043 989 4116 recepta
1009 4031 1213 4118 philosophis.
1258 4033 1339 4098 Inde
1353 4035 1429 4099 verb

134 4147 281 4234 sequitu,
306 4162 441 4229 corpora
456 4164 527 4230 quae
541 4141 574 4204 in
589 4140 692 4204 curvis
706 4151 883 4216 moventur,
906 4152 999 4228 atque
1017 4141 1097 4206 adei>
1111 4143 1151 4208 de
1166 4142 1256 4207 lineis
1270 4143 1363 4207 rectis
1378 4166 1428 4208 or·
1499 4168 1502 4173 ·

134 4257 211 4322 bitas
221 4279 296 4321 suas
310 4252 513 4341 tangentibus
532 4251 651 4338 jugiter
666 4249 792 4327 abeunt,
816 4249 847 4312 vi
869 4249 973 4337 aliqui
986 4252 1141 4336 perpetub
1166 4265 1279 4341 agente
1300 4253 1432 4320 retineri

130 4365 161 4429 in
176 4365 292 4429 itincre
306 4361 488 4426 curvilineo.
536 4357 676 4423 Planetis
699 4357 796 4444 igitur
810 4356 843 4420 in
863 4358 992 4423 orbibus
1007 4361 1109 4424 curvis
1131 4360 1362 4444 revolventibus
1373 4384 1429 4428 ne·

130 4472 268 4540 cassand
280 4471 382 4536 aderit
396 4469 567 4555 visaliqua,
589 4489 648 4553 per
661 4468 750 4554 cnjus
772 4466 909 4531 actiones
931 4469 1077 4552 repetitas
1099 4470 1312 4538 indesinenter
1326 4496 1346 4538 a
1359 4487 1429 4544 tan,-

131 4587 281 4676 geutibas
295 4583 510 4648 deflectantur.
