3098 5534
120 405 181 462 184
445 393 786 460 PHILOSOPHIAE
810 394 1084 461 NATURALIS
1108 395 1240 476 [Mor.
1258 400 1399 465 carme

115 570 189 635 dein
204 572 240 636 D
256 571 293 635 H
307 570 348 635 ad
363 572 397 636 D
414 572 437 635 S
451 583 487 634 ut
500 571 581 635 latus
595 581 715 634 rectum
730 570 771 633 ad
792 569 1000 634 differentiam
1019 570 1104 635 inter
1124 570 1207 636 latus
1228 583 1350 636 rectum
1369 587 1399 638 et

115 689 137 744 4
154 680 188 744 D
206 680 240 743 S.

162 789 260 852 Comi.
278 797 307 853 3.
332 788 421 852 Hine
435 788 529 851 etiam
544 787 569 849 si
584 807 698 871 corpus
711 797 874 850 moveatur
887 786 921 849 in
936 786 1073 851 sectione
1085 785 1274 872 quicunque
1286 789 1400 865 oonioi,

116 910 203 962 etex
219 898 295 960 orbe
311 920 368 961 suo
383 897 520 981 impulsu
535 916 721 982 quocunque
735 893 919 959 exturbetur
928 917 937 970 ;
961 895 1108 981 cognosci
1129 907 1234 977 potest
1254 896 1352 975 orbis,
1372 898 1401 960 in

117 1026 180 1091 quo
193 1017 304 1088 postea
318 1026 443 1067 cursum
460 1025 549 1066 suum
571 1013 710 1088 peraget.
756 999 841 1066 Nam
855 1000 1072 1085 componendo
1086 1002 1251 1084 proprium
1267 1006 1401 1088 corporis

117 1126 237 1174 motum
252 1133 324 1174 curn
339 1123 426 1173 motu
441 1109 505 1186 illo,
521 1129 615 1193 quem
629 1108 781 1191 impulsus
803 1107 888 1170 solus
911 1118 1084 1192 generaret,
1111 1105 1280 1172 habebitur
1305 1125 1402 1176 motus

118 1242 254 1306 quocum
268 1241 381 1303 corpus
397 1200 437 1282 de
451 1217 526 1282 dato
540 1217 691 1302 impulsus
706 1216 786 1292 loco,
802 1216 976 1281 secundum
990 1228 1108 1281 rectum
1120 1217 1277 1301 positione
1291 1219 1400 1298 daun,

118 1329 227 1393 exibit.

162 1439 259 1499 Corol.
276 1446 307 1499 4.
331 1435 415 1499 Etsi
435 1455 549 1520 corpus
575 1432 654 1497 illud
679 1436 711 1496 vi
736 1429 839 1517 aliqud
864 1430 1057 1496 extrinsecus
1080 1432 1233 1517 impressi
1259 1437 1402 1502 oontinuo

117 1546 326 1634 perturbetur,
343 1547 516 1609 innotescet
529 1567 639 1608 cursus
654 1543 916 1632 quamproxime,
932 1545 1110 1633 colligendo
1124 1546 1315 1612 mutationes
1329 1571 1400 1634 quas

117 1657 228 1722 visilia
242 1659 274 1720 in
288 1657 412 1742 punctis
427 1655 614 1741 quibusdam
628 1655 758 1734 inducit,
775 1668 807 1722 et
821 1679 862 1720 ex
877 1657 966 1720 seriei
978 1656 1120 1744 analogii
1132 1658 1321 1724 mutationes
1331 1679 1401 1723 oon·

117 1769 219 1833 tinuas
234 1767 268 1831 in
282 1767 358 1830 locis
372 1765 562 1831 intermediis
576 1765 770 1831 aestimando.

683 2003 841 2071 Scholium.

74 2124 86 2143 ⁹
163 2154 322 2239 Sicorpus
334 2151 401 2216 Pvi
416 2152 588 2238 centripetd
604 2151 645 2218 ad

119 2273 273 2344 punctum
302 2260 510 2346 quodcunque
536 2260 644 2325 datum

121 2369 153 2433 R
168 2368 315 2433 tendente
328 2380 491 2431 moveatur
510 2368 543 2430 in
560 2367 643 2452 peri·

118 2487 220 2539 metro
235 2475 318 2538 datae
329 2476 539 2559 cujuscunque
554 2475 644 2537 secti-

121 2582 192 2646 onis
208 2583 335 2657 conicae‚
352 2582 438 2664 cujus
453 2594 594 2642 centrum
605 2580 645 2644 sit

120 2686 169 2763 C;
193 2698 225 2749 et
248 2685 423 2771 requiratur
444 2684 497 2747 lex
511 2685 557 2746 vis
572 2705 644 2746 con·

117 2792 258 2877 tripetae:
290 2791 423 2854 ducatur
452 2791 479 2877 C
501 2791 534 2854 G
555 2790 644 2855 radio

120 2897 151 2960 R
162 2897 354 2981 Pparallela
370 2907 402 2959 ot
410 2895 494 2959 orbis
505 2896 645 2982 tangenti

120 3001 147 3066 P
160 3003 193 3068 G
202 3024 369 3067 occurrens
384 3003 417 3064 in
430 3001 483 3078 G;
506 3013 538 3066 et
549 3003 586 3086 (θ)
598 3002 644 3065 vis

118 3109 172 3173 illa
196 3115 270 3194 (per
295 3107 401 3172 Corol.
427 3116 455 3171 l.
480 3119 512 3171 et
538 3108 643 3176 Schol.

119 3281 216 3367 Prop.
233 3281 279 3347 X.
304 3293 336 3345 et
351 3280 504 3344 CoroLS.
528 3279 626 3366 Prop.
643 3282 734 3363 VII.)
750 3282 810 3348 erit
824 3293 860 3348 ut
879 3221 1050 3387 {g
879 3223 1059 3409 qen—3

781 3540 964 3667 ροιΙίηαωχΑ,
981 3544 1067 3604 et(per
1015 3537 1390 3657 (ξεῖιῦοιοῑεῆῗῊΙ.)

1229 3608 1253 3658 c
1309 3606 1391 3658 eds
