3098 5534
49 365 189 457 'arnus
204 392 367 473 amnon]
427 393 668 461 Pnrucrrrn
691 390 1058 460 nrarrrrunrrca
1292 402 1353 464 sar

120 560 219 622 Corol.
237 566 286 624 18.
309 557 427 623 lisdem
441 559 572 646 legibus,
587 560 700 645 qmbus
715 581 828 644 corpus
841 561 868 624 P
881 560 999 625 circum
1014 581 1127 644 corpus
1140 561 1377 640 Trevolvimr,·-

75 666 230 753 fingamus
245 688 378 750 corpora
391 667 482 750 plura
495 668 592 733 fluida
606 671 723 732 circum
736 669 820 733 idem
835 670 866 733 T
880 669 921 733 ad
935 670 1069 755 aequules
1090 670 1130 750 ab
1151 672 1220 755 ipso
1242 672 1377 745 distan-¹

75 775 134 836 tias
148 773 286 849 moveri3
308 773 422 838 deinde
437 796 477 838 ex
490 775 539 837 bis
553 776 707 861 contiguis
721 775 808 840 factis
827 776 955 840 conflari
975 777 1125 842 eumdum
1146 779 1286 858 fluidum,
1309 802 1361 843 ro-

76 881 211 944 tundum
225 902 262 943 ac
276 880 401 965 corpori
416 880 447 943 T
462 881 712 957 concentricum;
734 894 767 945 et
780 882 911 968 singulae
925 883 1032 946 annuli
1046 896 1159 968 partes,
1174 899 1278 950 motus
1289 909 1362 951 suos

76 1009 185 1051 omnes
200 987 239 1050 ad
255 987 357 1073 legem
371 989 510 1071 corporis
527 989 554 1051 P
568 987 757 1075 peragendo,
778 989 906 1072 propius
921 990 1070 1055 accedent
1082 992 1123 1055 ad
1137 1014 1251 1076 corpus
1267 994 1308 1071 T,
1331 1006 1364 1058 et

76 1096 208 1160 celerius
223 1097 429 1159 movebuntur
443 1097 476 1159 in
491 1097 708 1181 conjunctione
723 1106 755 1160 et
769 1097 964 1180 oppositione
978 1099 1116 1181 ipsarum
1130 1111 1162 1162 et
1176 1103 1314 1183 corporis
1327 1103 1360 1179 S,

77 1226 171 1289 quam
187 1204 220 1265 in
235 1203 441 1288 quadraturis.
487 1202 529 1268 Et
542 1202 620 1266 nodi
633 1202 741 1266 annuli
755 1202 859 1287 hujus,
875 1226 929 1268 seu
948 1205 1181 1270 intersectiones
1203 1208 1268 1290 ejus
1292 1230 1364 1272 curn

76 1313 172 1396 plano
188 1311 297 1376 orbitae
312 1311 451 1394 corporis
467 1311 489 1374 S
505 1311 553 1375 vel
568 1311 610 1387 T,
626 1312 785 1397 quiescent
799 1314 831 1374 in
847 1313 998 1398 syzygiis3
1026 1327 1115 1405 extra
1129 1317 1267 1402 syzygias
1289 1316 1363 1380 verb

76 1419 284 1481 movebuntur
298 1417 331 1480 in
346 1416 568 1495 antecedentia,
584 1428 615 1480 et
626 1417 818 1482 velocissime
833 1418 959 1502 quidem
974 1420 1007 1482 in
1022 1420 1228 1505 quadraturis,
1245 1422 1363 1486 tardius

77 1528 145 1590 aliis
160 1528 192 1590 in
207 1527 294 1590 locis.
340 1526 459 1591 Annuli
474 1548 597 1611 quoque
613 1525 771 1589 inclinatio
786 1526 962 1604 variabitur,
986 1526 1019 1609 (¹)
1042 1541 1073 1591 et
1088 1529 1153 1591 axis
1168 1531 1233 1612 ejus
1256 1529 1364 1616 singu·

76 1633 115 1696 lis
130 1630 372 1695 revolutionibus
387 1631 586 1708 oscillnbitur,
602 1631 816 1717 completique
827 1631 1018 1695 revolutione
1034 1632 1074 1695 ad
1088 1633 1252 1717 pristinum
1269 1634 1363 1698 situm

80 1738 205 1815 redibit,
222 1737 282 1803 nisi
297 1735 448 1822 quitenus
461 1757 518 1820 per
532 1737 769 1820 praecessionem
784 1737 938 1801 nodorum
953 1734 1176 1802 circumfertur.

123 1845 222 1908 Corol.
241 1851 290 1907 19.
315 1843 432 1929 Fingas
442 1844 507 1926 jam
522 1841 651 1929 globum
667 1842 806 1927 corporis
822 1842 863 1919 T,
879 1865 920 1906 ex
934 1843 1063 1907 materiai
1087 1865 1151 1907 non
1173 1845 1269 1909 fluida
1292 1850 1374 1909 oon--

80 1962 224 2028 stantem,
239 1949 383 2035 ampliari
397 1962 429 2013 et
443 1950 570 2014 extendi
584 1972 683 2036 usque
697 1948 738 2013 ad
752 1947 837 2012 hunc
852 1950 1012 2027 armnlurn,
1037 1961 1069 2013 et
1082 1950 1170 2014 alveo
1184 1972 1242 2034 per
1255 1952 1373 2014 circui·

78 2070 146 2120 tum
161 2068 310 2120 excavato
324 2056 483 2120 continere
498 2077 619 2140 uquam,
631 2068 780 2143 motuque
789 2055 902 2120 eodem
910 2055 1069 2139 periodico
1080 2055 1163 2118 eirca
1172 2079 1263 2121 axem
1274 2079 1366 2120 suum

82 2164 278 2228 uniformiter
291 2164 417 2227 revolvi.
463 2163 530 2227 Hic
544 2164 647 2248 liquor
660 2186 718 2247 per
731 2163 813 2228 vices
829 2162 1016 2226 acceleratus
1031 2174 1063 2226 et
1076 2162 1248 2227 retardatus
1271 2168 1319 2248 (ut
1333 2165 1375 2227 in·

79 2271 244 2357 superiore
258 2271 436 2350 corollario)
460 2268 499 2353 (¹¹)
521 2270 554 2333 in
569 2270 701 2357 syzygiis
723 2271 858 2334 velocior
880 2271 948 2348 erit,
971 2271 1004 2333 in
1028 2270 1223 2356 quadraturis
1240 2272 1367 2336 ‘tardior
1417 2300 1418 2304 ¹

77 2395 180 2464 quam·
188 2378 368 2461 superficies
382 2376 479 2463 globi,
496 2390 527 2441 et
544 2378 588 2440 sic
601 2378 677 2440 fluet
691 2378 723 2440 in
746 2377 835 2442 alveo
854 2379 1024 2464 refluetque
1048 2380 1087 2442 ad
1111 2379 1238 2443 modum
1262 2381 1366 2444 maris.

81 2486 391 2573 Aqua'reiolvendo
406 2486 488 2550 circa
501 2486 587 2572 globi
603 2499 743 2551 centmm
758 2489 929 2572 quiescens,
953 2489 979 2551 si
1001 2489 1127 2552 tollatur
1141 2491 1283 2578 attractio
1298 2512 1370 2553 cor··

76 2597 163 2682 poris
180 2598 213 2673 S,
229 2596 353 2659 nullum
367 2596 507 2681 acquiret
520 2607 639 2658 motum
653 2596 757 2658 fluxus
772 2608 804 2659 et
817 2598 966 2660 refluxus.
1012 2597 1045 2681 (¹)
1070 2599 1133 2662 Par
1148 2610 1195 2662 est
1209 2599 1287 2661 ratio
1297 2599 1372 2685 glo*

77 2706 110 2768 bi
127 2703 322 2768 uniformiter
336 2702 563 2789 progredientis
578 2702 611 2764 in
626 2702 789 2781 directum,
813 2716 845 2767 et
866 2704 985 2768 interea
999 2703 1184 2769 revolventis
1199 2705 1281 2768 circa
1295 2726 1367 2769 cen·

76 2827 160 2878 num
176 2836 266 2877 suum
290 2819 359 2897 (per
373 2811 478 2898 legum
495 2811 599 2874 Corol.
617 2811 660 2891 5.)
683 2823 765 2874 utet
785 2811 872 2898 globi
890 2812 930 2875 de
950 2835 1044 2876 cursu
1065 2813 1226 2877 rectilineo
1247 2814 1367 2877 unifor-

78 2924 171 2985 miter
186 2921 286 2995 tracti,
315 2924 385 3002 (per
399 2919 505 3003 legum
523 2917 628 2980 Corol.
645 2917 688 2997 6.)
717 2917 857 2982 Accedat
873 2932 975 2983 autem
991 2941 1105 3004 corpus
1121 2921 1154 2999 S,
1170 2934 1202 2985 et
1215 2922 1255 2985 ab
1270 2922 1366 3004 ipsius

76 3025 260 3112 rnaequabili
275 3024 458 3088 attractione
473 3045 548 3086 mox
563 3022 737 3087 turbabitur
751 3047 840 3109 aqua.
886 3024 1011 3088 Etenim
1025 3027 1124 3111 major
1145 3028 1204 3091 erit
1225 3028 1369 3092 attractio

76 3153 167 3216 aquae
182 3129 347 3214 propioris,
364 3129 467 3191 minor
481 3152 518 3192 ea
532 3127 716 3192 remotioris.
755 3129 801 3213 (¹⁰)
826 3129 883 3192 Vis
905 3142 1009 3194 autem
1023 3130 1053 3195 L
1069 3129 1109 3195 M
1131 3130 1234 3196 trahet
1253 3154 1368 3217 aquam

76 3238 225 3301 deorsum
239 3237 271 3298 in
287 3235 494 3320 quadraturis,
510 3234 662 3321 facietque
676 3235 774 3320 ipsam
791 3235 980 3302 descendere
991 3260 1089 3323 usque
1101 3238 1141 3303 ad
1153 3241 1312 3328 syzygias3
1335 3253 1367 3305 et

76 3366 122 3406 vis
140 3344 170 3407 K
189 3344 216 3405 L
232 3342 335 3405 trahet
349 3341 479 3404 eandem
494 3359 617 3404 sursum
639 3342 671 3403 in
694 3342 837 3428 syzygiis,
865 3342 1013 3427 sistetque
1034 3343 1219 3408 descensum
1245 3349 1309 3429 ejus
1336 3359 1367 3410 et

76 3444 171 3513 faciet
186 3451 287 3532 ipsam
303 3447 470 3510 ascendere
485 3446 637 3531 usquead
652 3447 873 3530 quadraturas:
896 3448 956 3510 nisi
971 3447 1121 3533 quitenus
1136 3463 1238 3514 motus
1249 3452 1367 3515 fluendi

79 3569 112 3620 et
126 3556 280 3620 refluendi
294 3555 334 3617 ab
351 3553 439 3616 alveo
454 3575 543 3638 aquae
559 3553 719 3639 dirigatur,
737 3566 769 3617 et
782 3576 839 3637 per
859 3554 1033 3619 frictionem
1055 3556 1247 3641 aliquitenus
1269 3573 1367 3623 retar-

77 3662 178 3725 detur.

124 3770 220 3833 Corol.
250 3776 301 3831 20.
327 3767 360 3831 Si
375 3768 509 3830 annulus
525 3770 590 3851 jam
611 3768 719 3854 rigeat,
739 3779 771 3832 et
790 3768 947 3833 minuatur
967 3770 1089 3857 globus,
1109 3772 1241 3835 cessabit
1262 3785 1365 3839 motus

110 3963 142 4073 ql)
160 3964 173 3991 ⁶
190 3965 222 4011 Et
234 3965 282 4010 orii
293 3963 341 4022 ajin
353 3977 395 4008 seu
410 3969 473 4007 recta
488 3974 529 4019 per
544 3968 650 4007 centrum
666 3976 708 4007 an·
739 3975 794 4007 nem
806 3960 910 4018 absolvit,
921 3960 1000 4008 media
1010 3961 1053 4010 erit
1063 3961 1123 4009 inter
1140 3964 1265 4010 maximam
1282 3963 1366 4012 veloci-

77 4028 130 4075 nui
151 4027 223 4073 ducta
243 4026 273 4072 ad
294 4026 390 4085 planum
411 4025 462 4086 ejus
479 4024 706 4084 perpendiculariter,
739 4034 812 4071 tatem
822 4023 922 4071 fluidiin
933 4026 1032 4088 syzygiis
1047 4035 1071 4074 et
1086 4026 1208 4075 minimam
1225 4028 1251 4074 in
1268 4028 1366 4090 quadra·

78 4105 132 4138 tunt
143 4091 214 4150 plano
224 4090 265 4135 illo
275 4092 370 4149 singulis
381 4090 554 4136 revolutionibus
563 4090 706 4143 oscilinbitun
739 4089 805 4137 turis.

77 4156 122 4201 hoc
133 4164 175 4210 est,
186 4153 216 4199 ad
227 4153 357 4212 planumE
372 4153 388 4199 S
401 4152 423 4198 T
438 4152 513 4214 magis
528 4160 553 4197 et
572 4151 652 4197 minus
667 4166 709 4210 per
775 4153 805 4214 (¹)
824 4156 836 4183 ⁸
855 4156 905 4200 Pur
915 4162 947 4200 et
957 4156 1023 4211 ratio,
1036 4153 1079 4200 fre.
1114 4153 1144 4201 ld
1160 4164 1202 4209 est,
1219 4153 1313 4201 exclusi
1328 4171 1366 4204 ac.

77 4218 139 4264 vices
156 4217 305 4263 inclinabitur
325 4216 392 4277 (Cor.
414 4215 464 4274 10.)
484 4217 644 4276 completaque,
664 4217 706 4261 &a
741 4215 805 4261 tione
825 4215 927 4274 corporis
948 4216 965 4262 S
983 4232 1044 4277 aqua
1061 4215 1208 4264 uniformiter
1228 4218 1365 4267 revolvendo

78 4291 155 4328 totum
167 4280 220 4327 verb
234 4278 388 4327 corollarium
400 4289 463 4338 patet
473 4293 501 4324 er
516 4278 657 4325 eurotas.
671 4283 707 4325 10.
740 4278 829 4325 circum
840 4288 946 4325 centrum
962 4279 1026 4341 globi
1044 4279 1081 4326 vel
1100 4280 1246 4327 uniformiter
1264 4282 1321 4329 moti
1340 4285 1364 4330 in

80 4350 115 4392 11.
132 4350 168 4391 15.
740 4340 855 4388 directum
866 4342 903 4388 vel
913 4342 943 4388 de
953 4358 1022 4388 cursu
1039 4342 1158 4390 rectilineo
1176 4359 1217 4405 per
1235 4344 1307 4393 lineas
1324 4363 1366 4407 pe·

111 4407 147 4471 (ι)
166 4412 179 4437 ‘
198 4410 229 4455 In
241 4410 337 4469 syzygiis
347 4409 439 4454 velocior
450 4409 499 4461 erit,
511 4407 553 4451 dre.
590 4404 637 4451 Pet
650 4404 705 4451 cor.
740 4404 832 4451 rallelar
842 4405 988 4452 uniformiter
998 4406 1072 4462 tracti,
1085 4405 1177 4453 nullutn
1193 4409 1296 4469 acquiret
1314 4426 1365 4457 mo-

81 4477 116 4519 18.
131 4481 154 4517 et
166 4478 188 4517 3.
224 4471 287 4516 Nam
299 4469 406 4515 velocitas
422 4470 545 4514 uniformis
561 4467 607 4528 qui
624 4467 709 4528 globus
741 4477 793 4514 turn
804 4468 882 4514 fluxdn
892 4478 916 4514 et
926 4468 1036 4526 refluum,
1047 4473 1138 4517 accedat
1148 4481 1233 4525 aaran,
1245 4474 1287 4520 dcc.

79 4536 139 4582 circi
149 4549 218 4580 axem
229 4549 298 4579 suum
311 4533 435 4578 revolvitur
446 4532 526 4578 eodem
545 4542 649 4590 ternpore
667 4547 709 4589 pe-
775 4531 816 4594 (m)
835 4537 846 4561 ⁸
865 4537 919 4579 514.
941 4535 977 4578 Vir
987 4543 1064 4580 autem
1082 4536 1104 4580 Ι.
1117 4537 1153 4590 M,
1164 4537 1206 4581 de.
1240 4536 1308 4584 Patet
1324 4553 1365 4598 per

79 4598 166 4645 riodico
177 4613 224 4660 quo
236 4613 287 4657 pars
298 4597 406 4658 (qualibet
418 4595 483 4642 fluidi
501 4611 566 4640 suain
584 4594 708 4641 revolutio·
744 4595 822 4643 Corol.
832 4599 854 4643 5.
867 4596 956 4642 Verum
965 4606 992 4643 ut
1000 4597 1286 4648 totumhocCorollarium
1295 4601 1364 4652 19⁰¹&
