3098 5534
110 369 221 435 uma
238 368 399 449 ramus]
459 329 700 435 rumorem
723 366 1092 471 maruama‘uoa
1322 375 1384 433 ses

104 551 163 629 vis,
179 549 240 637 qni
254 549 366 614 harum
381 571 444 612 una
457 547 590 637 attrahet
603 547 743 625 alteram,
759 547 817 611 erit
830 547 1008 623 etiamnum,
1023 566 1081 629 per
1099 555 1316 632 argumentum
1336 567 1386 610 su·

103 661 220 746 perias,
236 659 268 720 in
284 657 392 722 eidem
407 655 459 720 illi
473 655 628 720 distantiae
642 654 802 741 quadratae
816 654 936 717 ratione
949 651 1083 717 inverati.
1128 651 1171 727 Q.
1187 674 1214 715 e.
1229 651 1262 717 d.

152 767 249 832 Corol.
268 773 296 829 1.
320 764 409 829 Hinc
424 763 450 826 si
465 761 617 847 ejusmodi
632 760 764 846 spbaerae
779 761 954 846 complures
974 760 1041 825 sibi
1055 760 1186 823 invicem
1204 782 1262 843 per
1283 761 1388 824 omnia

105 873 232 951 similes,
248 894 281 937 se
295 870 405 935 mutub
420 870 566 947 trahant3
588 869 787 935 attractiones
805 870 1036 935 acceleratriccs
1057 869 1249 957 singularum
1269 869 1302 931 in
1324 870 1389 933 sin·

104 981 194 1070 gulas
209 992 309 1057 erunt,
325 980 360 1042 in
373 978 544 1065 aequalibus
561 978 719 1065 quibusvis
733 991 911 1043 centrorum
925 977 1088 1055 distantiis
1103 991 1139 1043 ut
1153 976 1284 1063 sphoerae
1292 988 1400 1041 attia-a

104 1088 225 1154 bentes.

148 1197 188 1282 (¹)
212 1200 308 1264 Corol.
325 1203 356 1262 2.
380 1197 481 1284 Inque
495 1196 647 1261 distantiis
670 1194 828 1281 quibusvis
849 1194 1063 1280 inaequalibus,
1087 1205 1122 1258 ut
1142 1192 1274 1279 spboerae
1293 1203 1387 1259 attra·

106 1306 216 1371 hentes
230 1305 392 1392 applicatae
407 1305 448 1369 ad
461 1304 612 1389 quadrata
626 1286 841 1367 distantiarum
855 1303 936 1367 inter
949 1315 1066 1367 centra.

149 1412 247 1476 corae.
264 1421 294 1476 8.
317 1410 527 1475 Attractiones
541 1408 616 1474 verb
629 1408 785 1487 matrices,
807 1430 862 1473 scu
876 1408 1017 1493 pondera
1031 1406 1223 1492 sphaerarum
1237 1409 1271 1472 in
1285 1408 1389 1492 sphoe·

105 1540 155 1581 ras
171 1532 271 1594 erunt,
287 1516 320 1579 in
333 1515 504 1601 aequalibus
519 1527 695 1579 conmorum
710 1514 873 1593 distantiis,
894 1527 929 1578 ut
944 1514 1076 1599 sphoerae
1091 1513 1281 1578 attrahentes
1295 1526 1328 1578 et
1341 1512 1388 1577 at-'

104 1637 212 1688 tractae
226 1625 424 1710 conjunctim,
440 1623 473 1686 id
487 1634 544 1702 est,
564 1633 600 1687 ut
617 1633 763 1687 contenta
786 1622 843 1686 sub
864 1620 995 1706 sphaeris
1017 1642 1075 1707 per
1097 1621 1387 1706 multiplicationem

105 1732 267 1815 producta.

149 1838 182 1922 (¹)
207 1839 305 1902 Corol.
329 1847 360 1901 4.
384 1837 484 1921 Inque
509 1836 662 1900 distantiis
683 1835 898 1921 inaequalibus,
920 1847 956 1901 ut
976 1846 1122 1901 contenta
1144 1835 1198 1900 illa
1219 1834 1336 1900 directi
1357 1846 1390 1901 et

105 1944 256 2029 quadrata
270 1943 486 2006 distantiarum
500 1943 581 2006 inter
596 1955 702 2006 centra
716 1941 848 2007 inversi.

149 2050 246 2113 Corol.
264 2058 293 2113 5.
318 2048 437 2111 Eadem
452 2048 564 2127 valent,
587 2049 640 2111 ubi
656 2049 798 2112 attractio
813 2048 911 2112 oritur
925 2072 944 2112 a
958 2048 1090 2133 sphaerae
1104 2049 1263 2135 utriusque
1277 2050 1390 2114 virtute

104 2155 267 2218 attractiva
286 2166 397 2217 mutuo
419 2153 554 2217 exercita
576 2154 609 2216 in
631 2152 786 2236 sphaeram
808 2153 946 2218 alteram.
992 2155 1075 2219 Nam
1098 2155 1215 2219 viribus
1240 2155 1389 2220 ambabus

104 2269 283 2356 geminatur
297 2267 449 2342 attractio,
465 2266 667 2350 proportione
682 2263 811 2330 servati.

149 2376 247 2439 Corol.
264 2383 293 2438 6.
318 2372 352 2438 si
366 2370 545 2455 hujusmodi
561 2370 693 2454 sphaerae
707 2371 820 2456 aliquae
834 2371 915 2434 circa
930 2369 1005 2433 alias
1020 2369 1210 2456 quiescentes
1229 2367 1391 2432 revolvan-

106 2495 167 2557 tur,
183 2478 316 2566 singulae
331 2478 414 2542 circa
427 2477 584 2563 singulas3
598 2476 729 2563 'sintque
744 2477 898 2541 distantiae
912 2479 995 2541 inter
1008 2489 1115 2542 centra
1129 2476 1350 2540 revolventium
1359 2487 1391 2540 et

103 2590 325 2676 quiescentium
342 2586 593 2672 proportionales
608 2586 830 2673 quiescentium
850 2584 1028 2663 diametris3
1050 2585 1184 2672 aequalia
1202 2599 1294 2650 erunt
1311 2597 1390 2650 tem·

104 2718 183 2779 pora
196 2692 365 2778 periodica.

149 2803 246 2865 Corol.
264 2809 292 2868 7.
317 2801 360 2864 Et
384 2799 530 2876 vicissim,
557 2798 583 2862 si
609 2811 751 2884 tempora
774 2797 932 2883 periodica
957 2810 1029 2863 sunt
1053 2798 1203 2884 oequalia3
1236 2798 1391 2864 distantia

104 2922 196 2973 erunt
211 2912 258 2994 (¹¹¹)
274 2908 522 2994 proportionales
536 2907 705 2973 diametris.

150 3019 247 3081 Corol.
264 3027 295 3080 8.
319 3016 439 3080 Eadem
454 3016 568 3094 omnia,
591 3036 663 3101 qnae
678 3013 820 3099 superius
834 3013 874 3079 de
888 3027 976 3078 motu
990 3035 1157 3099 corporum
1171 3015 1252 3078 cirm
1267 3015 1391 3079 umbili-

105 3145 158 3186 oos
173 3124 353 3186 conicarnm
368 3123 540 3187 sectionum
554 3122 766 3186 demonstrata
786 3131 868 3198 sunt,
892 3121 1052 3198 obtinent;
1073 3121 1128 3185 ubi
1151 3121 1274 3206 spbaera
1295 3134 1391 3187 attra-

104 3229 182 3292 hens
196 3227 306 3292 formae
321 3241 352 3292 et
366 3227 552 3292 conditionis
567 3226 701 3313 cujusvis
710 3229 776 3313 jam
790 3226 956 3310 descriptae
970 3226 1091 3291 locatur
1104 3227 1136 3290 in
1147 3228 1303 3292 umbilico.

137 3453 174 3517 (¹)
187 3458 201 3485 ⁸
215 3456 264 3502 Car.
275 3459 298 3500 a.
316 3451 472 3500 Attractiones
479 3451 650 3501 acceleratrioes
658 3453 732 3513 spha-
763 3450 860 3500 collariis
872 3451 908 3501 1⁰.
920 3462 945 3501 et
955 3452 991 3500 9⁰.
1004 3454 1126 3503 manifsta
1138 3465 1208 3514 mnt;
1226 3456 1290 3504 Nam
1306 3462 1389 3504 mtrao-

105 3534 183 3567 murm
197 3519 220 3565 G
234 3518 269 3575 H,
282 3518 295 3564 I
309 3517 342 3574 K,
356 3517 377 3564 L
391 3518 428 3573 Μ,
439 3519 481 3564 &a
500 3517 527 3564 in
545 3517 645 3577 sphaeras
665 3519 688 3563 Α
702 3518 732 3575 Β,
764 3517 834 3565 tionis
843 3518 959 3581 quantitas
967 3519 1061 3575 matrix,
1078 3534 1119 3566 seu
1135 3520 1227 3580 pondm
1242 3521 1338 3580 sphaera
1354 3531 1389 3569 at-

107 3576 128 3629 C
142 3582 174 3637 D,
188 3580 210 3626 E
225 3581 250 3635 F,
263 3583 305 3628 &c
319 3579 464 3642 singularum
475 3579 555 3627 vershs
565 3580 668 3642 singulas
679 3586 734 3627 nint
764 3589 843 3628 hacta
857 3581 882 3627 in
897 3581 1009 3641 sphaeram
1027 3582 1157 3630 trahentem
1176 3583 1309 3646 aequipollet
1327 3583 1389 3631 facto

106 3650 159 3705 (per
179 3647 232 3692 Cor.
256 3651 276 3691 t.
299 3644 368 3704 rma
387 3643 439 3704 75.)
456 3653 483 3692 at
501 3645 598 3704 sphaera
614 3645 731 3691 usheim
761 3659 790 3692 ex
801 3644 991 3701 vioecderatrim
1002 3645 1072 3695 ducti
1080 3648 1264 3708 inquantr'tatem
1275 3648 1385 3707 materia,

104 3708 225 3767 applicatae
236 3709 265 3754 ad
291 3707 387 3755 usdrata
402 3707 563 3754 distantiarum
577 3707 637 3754 inter
654 3716 732 3754 tantm
762 3723 803 3754 seu
813 3707 838 3754 in
849 3723 948 3755 massam
960 3710 1055 3769 sphaerae
1069 3719 1186 3769 attractas-‘5
1204 3712 1238 3756 vis
1253 3721 1331 3758 autem
1348 3727 1387 3759 ac·

107 3773 132 3826 S,
148 3772 176 3818 P.
212 3772 251 3826 Qu
302 3771 464 3831 componendo
474 3769 511 3817 vel
527 3770 651 3817 dividendo
668 3785 733 3817 arnn-
763 3771 882 3819 celeratrix
904 3774 958 3835 (par
981 3773 1033 3821 Cor.
1056 3779 1079 3821 9.
1104 3774 1175 3835 Prop.
1199 3775 1281 3836 hujus)
1304 3783 1339 3820 eat
1359 3784 1389 3823 ut

106 3851 145 3881 ms
156 3836 317 3882 atuactionum
333 3835 426 3882 illenim
446 3835 553 3882 omnium
573 3833 610 3881 vel
628 3849 733 3882 exoeesua
764 3835 852 3896 sphaera
863 3836 978 3884 atoabens
988 3837 1101 3897 applicata
1111 3839 1141 3884 ad
1150 3839 1288 3900 quadratum
1300 3837 1388 3885 dietam

105 3899 236 3959 aliquarum
248 3897 318 3958 cupri
328 3897 392 3953 alias,
403 3899 448 3945 boc
459 3906 499 3951 est,
516 3906 564 3944 tota
578 3898 682 3944 attractio
695 3912 733 3945 ao-
764 3899 803 3945 tiar
813 3898 873 3946 inter
883 3906 968 3956 oenus
985 3910 1009 3947 et
1018 3901 1156 3961 quantitates
1166 3900 1267 3948 materia
1277 3901 1302 3947 in
1312 3902 1388 3963 spbar-

106 3962 225 4008 celeratrir
242 3965 338 4022 sphaerae
355 3962 488 4022 compositas
506 3962 530 4009 G
543 3962 556 4008 1
568 3963 598 4008 M
611 3962 638 4009 Η
655 3961 734 4009 norma
765 3963 849 4023 riapcr
859 3963 938 4011 aaran
950 3963 1071 4020 similibus,
1088 3973 1143 4011 sum
1159 3975 1187 4013 ut
1203 3965 1330 4022 volumina,
1345 3980 1389 4013 asu

106 4026 219 4084 sphaeram
236 4026 385 4085 compositam
399 4026 422 4071 A
437 4026 457 4071 C
471 4024 526 4072 FB
542 4025 585 4072 erit
601 4034 633 4072 ut.
643 4040 736 4072 summa
765 4034 793 4073 ut
813 4028 908 4086 sphera
928 4026 990 4088 ipsas.
1024 4027 1104 4082 Quare
1119 4029 1265 4076 attractiones
1281 4029 1388 4077 motricea

111 4089 146 4135 vel
158 4090 289 4138 differentia
298 4094 439 4151 sphaerarum
458 4089 654 4136 concentriearum
671 4089 735 4136 simi·
765 4104 807 4136 seu
818 4089 920 4150 pmsdeaa
930 4091 1070 4151 aphararum
1080 4092 1106 4137 in
1116 4093 1221 4152 spbaeras.
1234 4101 1388 4140 mntutcou·

108 4152 191 4196 larium
206 4155 226 4196 Α
242 4153 270 4207 Β,
285 4154 304 4199 C
319 4154 351 4210 D,
365 4154 387 4199 E
402 4154 428 4205 F,
441 4155 482 4200 &c
496 4152 527 4200 ad
537 4153 675 4214 quadratum
684 4152 731 4199 dis-
762 4163 827 4200 tenta
836 4157 880 4201 sub
889 4155 983 4214 sphaeris
993 4170 1034 4215 per
1044 4154 1258 4215 multiplicationem
1275 4155 1388 4217 producta

106 4214 185 4260 tantia
199 4215 215 4260 S
230 4215 379 4275 Papplicata.
416 4215 461 4262 Sed
471 4215 491 4262 si
507 4217 602 4275 apbaern
617 4217 733 4263 trahantes
763 4215 849 4264 directi
859 4226 883 4264 et
892 4217 1004 4279 quadrata
1013 4217 1173 4265 distantiarum
1183 4218 1243 4267 inter
1257 4229 1337 4267 centra
1350 4218 1387 4267 in·

106 4289 161 4324 sunt
172 4278 214 4324 sibi
226 4279 324 4325 invicem
334 4296 376 4340 per
386 4280 465 4326 omnia
481 4279 574 4336 similes,
589 4295 688 4326 summa
703 4279 732 4326 il·
763 4279 833 4328 vend.

107 4341 136 4386 la·
147 4342 182 4388 vel
194 4342 330 4388 differentiae
340 4353 396 4389 sunt
406 4353 433 4389 ut
443 4344 538 4403 spherae
554 4343 616 4404 ipsa.
653 4341 733 4398 Quare
796 4343 837 4408 (¹³)
856 4342 1066 4407 ‘'Propovtlonaler
1081 4347 1204 4394 diametria.
1247 4347 1300 4396 cos.
1321 4352 1344 4396 6.
1362 4354 1387 4396 d

106 4416 168 4465 parat
180 4407 261 4452 veritas
275 4406 352 4453 Corol.
367 4412 388 4452 1.
401 4417 424 4453 et
435 4413 457 4454 2.
765 4411 788 4457 7.
801 4416 908 4458 constant
918 4423 959 4470 per
971 4408 1025 4457 Cor.
1036 4412 1061 4456 ὅ.
1076 4408 1145 4471 Prop-
1159 4415 1198 4456 4²·

139 4469 168 4532 (¹)
187 4474 199 4499 '
221 4474 269 4520 Cor.
281 4476 303 4516 4.
325 4469 451 4518 Corollaria
461 4469 515 4518 3¹¹⁰.
534 4469 621 4518 etim.
640 4484 669 4517 ca
687 4468 734 4518 Co·
