3098 5534
123 395 310 475 Danum]
462 393 707 463 rmutcrrta
727 393 1100 465 Mamurrarlcu.
1381 405 1420 464 1³

125 579 204 671 litut,
225 578 1140 669 etPlanehsseeumdelerrersingulaeCoelorumpurtee,
1166 583 1421 669 etPlanetoequi

126 684 257 750 rehtire
271 685 400 771 quidem
416 686 451 749 iu
467 686 563 752 Colis
576 688 800 771 suisproximis
812 688 987 774 quiescunt,-
995 701 1159 755 morentur
1172 687 1255 755 verri.
1293 689 1422 754 Mutant

127 790 211 856 arim
224 792 395 876 pmuoue
408 814 480 856 uras
492 792 533 858 ad
546 793 679 859 inirem
693 798 793 878 (εοεαε
804 791 897 878 quim
913 795 950 860 fit
961 795 995 860 in
1010 795 1081 860 vere
1092 796 1332 882 quiesceudbru)
1343 797 1421 860 und·

127 899 369 986 quecrtmooelia
383 898 914 984 muupuuupanteorummotus,
929 911 1124 987 etutpartes
1138 900 1421 970 revolventiumto·

127 1021 242 1083 mmm,
258 1005 302 1070 ab
313 1026 425 1071 eorum
438 1006 550 1073 axibus
564 1005 709 1072 recedere
721 1019 884 1072 conantur.

166 1130 369 1209 Quantitaoes
391 1131 528 1196 rdetivae
549 1152 614 1196 non
629 1142 700 1196 sunt
723 1131 818 1220 igitur
835 1153 884 1197 ear
896 1133 972 1218 'rpse
991 1134 1185 1219 quandmtes,
1209 1152 1340 1222 quatum
1361 1152 1421 1200 uo·

127 1237 210 1302 mirra
223 1258 294 1323 prae
308 1254 341 1302 se
354 1236 468 1316 fenmt,
483 1236 541 1303 sed
557 1248 630 1302 arnt
650 1258 757 1302 earum
776 1260 930 1303 meusuroe
949 1238 1012 1304 illoe
1031 1238 1189 1306 mirabiles
1213 1247 1425 1332 (remanet--

127 1347 242 1426 anus)
265 1346 378 1433 qurirus
396 1346 507 1435 wulgus
531 1347 602 1411 loco
621 1347 827 1435 quantitatum
846 1359 1091 1412 mensuratam
1114 1349 1219 1414 utitur.
1264 1351 1310 1416 At
1332 1348 1361 1412 si
1379 1344 1421 1413 ex

128 1474 183 1518 usu
196 1451 388 1518 definiendae
406 1463 479 1518 suut
496 1454 663 1519 rerbonmr
682 1454 929 1542 significationes,
953 1476 1011 1540 per
1029 1455 1157 1520 nomina
1175 1455 1230 1520 illa
1243 1453 1418 1540 Temporis,

129 1559 237 1646 spatii,
255 1560 336 1624 Ioci
350 1571 382 1624 et
397 1559 507 1625 Motus
519 1559 652 1645 proprie
670 1560 880 1648 intelligendae
898 1572 989 1626 eruut
1007 1560 1059 1625 hoe
1076 1582 1230 1627 meustuae
1249 1562 1419 1640 sensibilem

128 1681 156 1733 et
170 1688 274 1730 sermo
288 1667 348 1731 erit
360 1667 496 1731 insolens
507 1678 538 1731 et
551 1665 630 1752 pure
651 1666 900 1747 Mathematicus,
923 1669 949 1731 si
972 1669 1156 1754 quantitates
1168 1680 1353 1733 marsum
1367 1666 1419 1732 hie

127 1773 348 1862 intelligantur.
403 1772 540 1838 Proinde
560 1775 623 1838 vim
647 1772 783 1837 inferrmt
807 1774 909 1840 Sacris
934 1775 1058 1853 Literis,
1083 1776 1137 1861 qui
1158 1795 1249 1867 rocas
1262 1774 1354 1838 hasce
1378 1773 1419 1839 de

128 1880 348 1968 quantitatibm
367 1880 551 1946 mensuratis
569 1879 614 1944 ibi
633 1879 884 1965 interpretantur.
943 1880 1054 1967 Neque
1075 1881 1180 1947 minus
1201 1881 1419 1969 ¹contaminant

129 1986 289 2054 Mathesiu
303 1997 335 2050 et
351 1985 595 2072 Philosophiam,
619 1986 673 2072 qui
688 1986 872 2073 quantitates
882 2006 969 2052 veras
983 2007 1055 2052 cum
1069 1987 1205 2074 ipsarum
1219 1987 1424 2054 relationibur

127 2094 350 2183 amlgmuus
364 2092 733 2159 merasmiaconlirndunt.
1184 2139 1189 2148 .
1410 2083 1414 2093 “

165 2201 283 2267 Motus
290 2199 419 2287 quidem
428 2221 516 2265 veros
524 2198 892 2288 corporumjsingulorum
902 2220 1097 2287 cognoscere,
1109 2211 1141 2264 et
1151 2197 1191 2264 ab
1199 2198 1419 2283 apparentibus

126 2320 194 2372 acor
208 2308 435 2386 discriminare,
451 2305 665 2371 difficillimum
679 2318 743 2371 est:
765 2317 930 2391 propterea
944 2304 1029 2392 quod
1042 2316 1145 2391 partes
1159 2305 1249 2391 spatii
1263 2305 1345 2370 illius
1359 2305 1418 2370 irn-

126 2415 259 2494 nobilis,
283 2415 319 2478 in
333 2436 397 2501 quo
411 2435 545 2498 corpora
558 2397 630 2477 vere
643 2424 817 2491 moventur,
840 2435 903 2477 nou
918 2413 1081 2477 incumrnt
1099 2414 1132 2476 in
1155 2435 1269 2477 sennua.
1315 2413 1420 2477 Causa

125 2533 229 2587 umen
242 2543 314 2588 nou
328 2532 374 2586 eat
386 2540 516 2606 prorsus
530 2519 701 2605 desperata.
745 2521 828 2586 Nam
853 2532 1036 2608 argumenta
1054 2520 1173 2585 desumi
1186 2531 1324 2605 possunt,
1344 2541 1418 2604 par·

124 2629 179 2692 tim
200 2650 243 2692 ex
257 2627 394 2692 motrlrus
404 2627 623 2712 apparentibus
633 2624 688 2713 qui
696 2641 768 2690 suut
776 2639 918 2690 motuum
931 2644 1075 2690 verorum
1090 2625 1280 2704 differentia,
1302 2626 1417 2710 partim

125 2758 163 2800 ex
176 2735 299 2799 vinitas
313 2757 384 2821 quse
398 2747 470 2799 sunt
482 2746 624 2798 moturun
640 2756 783 2798 verorum
797 2755 898 2798 causre
917 2745 949 2798 et
962 2733 1095 2798 effectus.
1140 2732 1188 2799 Ut
1202 2733 1227 2795 si
1241 2732 1326 2819 globi
1341 2732 1415 2812 duo,

125 2843 162 2907 ad
176 2843 287 2907 datam
295 2841 478 2905 abinvicem
492 2841 667 2905 distantiam
682 2841 736 2904 filo
746 2841 956 2904 intercedente
967 2840 1108 2917 connexi,
1120 2839 1349 2903 revolverentur
1357 2840 1418 2902 cir-

125 2971 159 3013 ca
172 2969 343 3013 commune
362 2948 521 3035 gravitatis
532 2963 681 3025 centrum,
698 2943 902 3011 innotesceret
915 2969 955 3010 ex
964 2947 1102 3010 tensione
1116 2946 1161 3008 fili
1172 2957 1298 3009 conatus
1307 2945 1417 3032 globo-

125 3076 193 3120 rum
207 3054 376 3120 roeedendi
391 3055 431 3118 ab
446 3076 505 3118 axe
514 3068 626 3133 motus,
648 3065 679 3118 et
692 3054 766 3118 inde
780 3055 933 3140 quantitas
951 3065 1053 3118 motus
1068 3051 1224 3116 circularis
1243 3053 1415 3136 computari

125 3174 237 3247 ponet.
270 3163 329 3248 (l)
355 3160 481 3228 Deinde
495 3162 521 3225 si
534 3163 614 3225 vires
634 3161 781 3246 quoelibet
802 3160 935 3246 aequales
950 3160 983 3222 in
997 3160 1130 3224 alternas
1144 3159 1308 3246 globomm
1323 3157 1416 3221 facies

125 3270 163 3333 ad
185 3280 308 3332 motum
332 3268 512 3332 circularem
537 3267 714 3355 augendum
739 3267 788 3332 vel
813 3267 1016 3331 minuendum
1041 3266 1132 3329 simul
1154 3265 1414 3350 imprimerentur,

125 3377 331 3441 innotesceret
352 3397 394 3440 ex
408 3373 496 3439 auctr
510 3374 560 3439 vel
580 3372 731 3438 diminuti
746 3374 791 3437 fili
805 3375 944 3438 tensione
958 3383 1158 3460 augmentum
1172 3371 1222 3435 vel
1236 3370 1416 3436 decremen-

125 3496 192 3547 tmn
205 3495 320 3560 motus,
345 3492 376 3545 et
397 3465 473 3545 inde
484 3481 609 3545 tandem
631 3481 762 3545 inveniri
775 3493 901 3565 possent
914 3479 1006 3543 facies
1020 3479 1185 3566 globorum
1199 3479 1232 3540 in
1247 3500 1323 3564 quus
1336 3480 1416 3542 vires

125 3589 262 3675 imprimi
274 3588 432 3666 deberent,
455 3598 491 3651 ut
504 3600 606 3651 motus
620 3588 755 3651 maxime
769 3598 950 3674 augeretur3
972 3585 1005 3648 id
1020 3597 1074 3663 est,
1090 3584 1184 3649 facies
1198 3585 1335 3669 posticae,
1352 3585 1415 3649 sive

126 3718 195 3782 quoe
208 3698 244 3759 in
258 3706 346 3758 motu
361 3694 502 3758 circulari
517 3705 695 3780 sequuntur.
731 3693 874 3782 Cognitis
888 3705 991 3757 autem
1001 3691 1136 3755 faciebus
1151 3713 1221 3776 quae
1236 3702 1413 3776 sequuntur,

126 3814 156 3866 et
174 3803 316 3867 faciebus
338 3802 488 3886 oppositis
509 3823 580 3885 quoe
602 3800 793 3885 praecedunt,
817 3811 1054 3888 cognosceretur
1075 3799 1289 3862 determinatio
1303 3809 1413 3861 motus.

127 3909 163 3973 lu
176 3909 264 3973 hunc
277 3907 407 3972 modum
422 3907 553 3971 inveniri
567 3919 670 3992 posset
684 3919 715 3971 et
729 3908 883 3993 quantitas
906 3918 937 3970 et
961 3905 1177 3970 determinatio
1201 3916 1302 3967 motus
1324 3902 1415 3988 hujus

125 4016 282 4081 emutatis
297 4016 330 4078 in
343 4036 444 4078 vacuo
459 4015 567 4101 quovis
580 4015 740 4092 immenso,
757 4014 811 4078 ubi
825 4013 903 4076 nihil
918 4024 1038 4077 extaret
1052 4024 1216 4075 externum
1230 4009 1416 4074 etsensibile

125 4144 258 4207 quocum
273 4121 363 4210 globi
377 4119 511 4184 conferri
533 4133 668 4204 possent.
714 4121 748 4186 Si
764 4121 832 4206 jam
845 4120 1104 4184 constituerentur
1117 4117 1151 4180 in
1165 4115 1264 4200 spatio
1278 4115 1331 4178 illo
1346 4137 1416 4181 cor·

124 4285 243 4341 uitri.
268 4285 275 4298 ⁶
368 4283 587 4348 mquam)
605 4286 634 4331 ab
650 4299 694 4331 axe
704 4299 756 4331 mo·
785 4279 869 4339 portio,
895 4294 923 4327 ex
947 4279 970 4326 rl
986 4278 1118 4341 eeuuisugi
1133 4293 1175 4324 seu
1192 4287 1278 4324 oouatu
1294 4279 1417 4327 recedendi

125 4349 247 4406 thuna
313 4347 406 4395 'rasis
423 4350 539 4396 mnanurr
557 4347 671 4403 recedere
689 4347 756 4394 edm.
787 4346 816 4391 ab
833 4359 877 4391 axe
892 4343 1002 4407 cognosci
1019 4359 1046 4390 ac
1065 4341 1194 4389 mensurari
1213 4352 1288 4401 potest
1309 4344 1419 4391 velocitas

123 4428 168 4477 qua
177 4414 297 4461 minora
314 4411 408 4460 mrulm
419 4413 444 4458 in
458 4412 511 4458 a’e'ra
528 4411 682 4459 resistentiam
693 4411 759 4458 iure-
787 4406 865 4454 mortis
883 4407 1001 4455 euenum
1015 4405 1128 4461 absoluta,
1147 4414 1174 4452 ut
1191 4404 1300 4467 deinceps
1320 4407 1418 4455 demon.

124 4478 193 4534 fn,
218 4475 250 4524 nd
268 4476 342 4523 latam
359 4474 437 4523 situle
450 4475 629 4523 &cumulantur
639 4483 663 4521 et
679 4489 758 4521 asceu-
785 4471 902 4518 trabitur.

124 4539 186 4597 &m
197 4537 624 4602 aquicelerlduguuturiuorbem.
636 4538 758 4600 eomajori
822 4537 857 4601 (ἢ)
874 4543 913 4584 2².
924 4536 958 4584 'si
979 4536 1005 4582 in
1026 4535 1132 4589 alternas,
1150 4545 1192 4580 seu
1210 4532 1225 4580 ὲ
1245 4534 1358 4582 olametm
1375 4535 1418 4583 sibi

125 4614 206 4654 aaa
216 4606 249 4652 ὠ
259 4618 306 4651 axe
316 4601 395 4650 mu·
406 4617 448 4663 per
458 4611 581 4665 angentes
598 4601 704 4648 recedere
721 4601 758 4648 ui·
789 4601 906 4661 oppositus
916 4600 1041 4663 globorum
1051 4597 1128 4653 facien
1140 4596 1171 4645 nd
1181 4607 1273 4645 motum
1282 4598 1417 4646 circularem

123 4674 207 4717 m.
243 4670 295 4731 (Ια
315 4665 364 4726 ll.)
382 4664 456 4713 l’orrd
466 4681 523 4713 orm
533 4666 595 4712 inter
605 4665 653 4712 rim
670 4664 755 4712 renui·
787 4664 924 4726 augendum
935 4662 971 4709 rel
982 4660 1145 4715 minuendum,
1162 4660 1350 4722 imprimerentur
1361 4663 1420 4709 uires

209 4741 236 4780 et
245 4729 391 4780 celeritatem
399 4729 502 4790 coeporis
511 4729 537 4776 in
548 4728 604 4776 dato
615 4728 703 4775 circulo
719 4743 756 4775 re-
787 4727 897 4791 quelibet
907 4725 1015 4789 aquales,
1026 4741 1079 4788 qua
1094 4723 1191 4785 proindd
1203 4740 1250 4771 non
1260 4727 1421 4786 parturimus

209 4791 400 4844 ‘candebat
418 4807 468 4841 ern
483 4807 513 4841 ae
529 4791 686 4840 &terminata
701 4805 755 4854 pro·
787 4790 943 4854 equilibrium
954 4789 1080 4854 globorum
1091 4788 1288 4837 dudooumuno
1302 4788 1421 4850 gravitatis
