3098 5534
258 188 267 244 l

74 390 366 471 LmrnSrcurn]
400 391 640 459 PRINCIPIA
663 393 1037 463 MATHEMATws.
1302 410 1366 468 209

116 567 184 629 Cas.
208 574 238 629 2.
287 565 444 629 Ponsmus
467 565 553 652 qubd
578 565 740 650 particule
769 567 864 631 medii
895 569 929 632 in
958 568 1088 656 globum
1117 570 1166 634 vel
1189 571 1364 658 cylindrum

71 676 242 741 incidentes
266 700 331 741 non
354 679 571 754 reflectantur3
596 691 627 742 et
648 677 807 764 cylindrus
822 679 990 742 incidendo
1011 680 1310 764 perpendiculariter
1331 686 1365 749 in

69 784 238 867 particulas
262 786 433 870 simplicem
459 808 547 848 sunm
570 785 765 849 velocitatem
790 787 866 868 ipsis
892 788 1142 865 communicabit,
1167 790 1300 876 ideoque
1315 815 1364 856 re·

70 893 240 956 sistentiam
255 894 373 977 patitur
386 892 484 977 duplo
498 893 653 956 minorem
667 889 762 977 quim
776 893 809 954 in
823 892 929 975 priore
944 913 1028 969 casu,
1046 908 1078 957 et
1092 896 1269 961 resistentis
1276 897 1364 985 globi

69 1002 126 1065 erit
141 1004 234 1067 etiam
250 1003 347 1088 duplo
362 1004 464 1066 minor
479 1001 574 1089 qurim
587 1002 685 1086 prius.

114 1113 182 1174 Cas.
200 1121 229 1176 3.
276 1111 435 1174 Ponamus
458 1109 544 1196 quod
566 1108 731 1193 particulos
743 1107 840 1172 medii
854 1109 886 1171 ri
901 1109 1080 1174 reflexionis
1102 1134 1204 1199 neque
1225 1115 1363 1182 maximi

70 1237 174 1301 neque
189 1215 286 1293 nulli,
303 1215 358 1317 sed
374 1216 525 1280 mediocri
539 1215 642 1302 aliqui
658 1215 798 1279 resiliant
811 1215 952 1303 aglobo;
968 1230 1000 1282 et
1014 1220 1187 1285 resistentia
1201 1222 1288 1310 globi
1303 1224 1363 1290 erit

68 1323 100 1384 in
116 1321 225 1385 eidem
240 1323 361 1386 ratione
375 1323 527 1388 mediocri
542 1323 623 1387 inter
638 1322 844 1387 resistentium
858 1322 891 1385 irr
907 1323 1014 1407 primo
1025 1346 1098 1389 essu
1108 1340 1140 1391 et
1154 1329 1362 1395 resistentiam

66 1432 262 1496 insecundo.
308 1433 351 1510 Q.
368 1456 396 1498 e.
413 1434 433 1497 i.

111 1543 210 1604 Corol.
229 1550 256 1604 1.
303 1541 392 1608 Hinc
418 1543 443 1606 si
468 1541 582 1630 globus
604 1555 637 1607 et
657 1540 819 1627 perticulre
841 1542 904 1606 sint
925 1542 1047 1606 infinite
1067 1543 1156 1623 duro,
1181 1558 1213 1610 et
1228 1550 1259 1612 vi
1274 1549 1360 1613 omni

66 1648 201 1726 elasticri,
218 1664 249 1714 et
262 1663 431 1735 propterea
445 1651 538 1716 etism
553 1653 584 1714 vi
599 1653 685 1715 ornrri
699 1650 878 1716 reflexionis
892 1652 1058 1718 destituto:
1083 1656 1258 1722 resistentis
1271 1658 1360 1747 globi

65 1757 125 1820 erit
139 1756 178 1821 ad
194 1759 258 1821 vim
273 1758 333 1844 qut
350 1771 433 1822 totus
448 1760 514 1844 ejus
529 1772 633 1823 motus
648 1760 698 1823 vel
712 1759 826 1824 auferri
841 1761 940 1844 possit
954 1760 1003 1825 vel
1017 1764 1171 1848 generari,
1194 1788 1258 1851 quo
1280 1779 1360 1831 tem·

64 1885 142 1947 pore
157 1862 270 1950 globus
285 1878 419 1951 quatuor
434 1864 539 1928 tertias
554 1877 660 1948 partes
674 1862 818 1929 diametri
833 1887 898 1929 suae
913 1866 1072 1945 describit,
1089 1881 1125 1931 ut
1135 1869 1272 1935 densitas
1292 1894 1360 1937 me·

65 1971 109 2034 dii
124 1970 165 2034 ud
179 1969 366 2036 densitatem
380 1970 477 2058 globir
780 1968 785 1978 '

110 2080 209 2143 carot.
226 2087 257 2142 2.
303 2079 341 2165 (ὓ)
367 2079 557 2143 Resistentia
578 2078 675 2166 globi,
702 2079 822 2143 caeteris
845 2079 983 2165 poribus,
1007 2094 1053 2146 eet
1074 2082 1108 2145 in
1128 2082 1286 2167 duplicati
1308 2058 1391 2150 res

64 2184 148 2248 tione
163 2185 342 2249 velocitatis.

109 2293 208 2356 Corol.
225 2301 254 2356 3.
288 2292 332 2374 (†)
351 2290 540 2355 Resistentiu
553 2290 651 2379 globi,
668 2290 788 2356 oaeteris
802 2291 941 2375 paribus,
957 2305 1005 2357 est
1019 2295 1052 2357 irr
1067 2294 1224 2378 duplicati
1237 2295 1358 2364 ratione

62 2398 218 2463 diametri.

107 2509 206 2572 CoroL
224 2516 254 2569 4.
301 2505 489 2570 Resistentia
502 2505 599 2594 globi,
616 2507 736 2571 caeteris
750 2506 889 2592 paribus,
907 2520 1003 2573 estut
1018 2509 1154 2574 densitas
1169 2510 1273 2575 medii.

49 2650 53 2655 ·
108 2618 206 2681 Corol.
224 2625 253 2682 5.
301 2613 489 2680 Resistentia
509 2615 595 2703 globi
617 2617 718 2679 estin
740 2617 860 2679 ratione
885 2635 956 2702 quae
978 2617 1176 2701 componitur
1192 2640 1231 2681 cx
1252 2617 1357 2703 dupli·

62 2722 131 2787 cati
150 2724 271 2788 ratione
294 2722 464 2788 velocitatis
480 2733 512 2787 et
526 2720 683 2807 duplicati
707 2723 827 2786 ratione
846 2721 990 2786 diametri
1006 2737 1037 2786 et
1052 2724 1171 2788 ratione
1193 2724 1355 2791 densitatis

61 2830 165 2894 medii.

109 2939 207 3002 Cor-ot.
224 2947 254 3003 6.
299 2937 343 3002 Et
356 2949 460 3002 motus
474 2935 561 3025 globi
576 2958 648 3001 cum
663 2937 729 3023 ejus
744 2936 919 3000 resistentie
940 2937 985 3001 sic
1005 2938 1121 3022 exponi
1145 2950 1259 3022 potest.
1305 2940 1353 3006 Sit

62 3048 92 3110 Α
109 3047 275 3130 Btempus
291 3070 354 3133 quo
368 3047 481 3134 globus
504 3069 562 3131 per
583 3045 788 3110 resistentiam
811 3068 898 3110 suam
920 3046 1115 3111 uniformiter
1140 3048 1351 3113 continuatum
1449 3067 1452 3072 ’

60 3164 159 3217 toturn
183 3175 275 3217 suurn
297 3166 418 3217 motum
443 3152 584 3218 amittere
607 3165 719 3236 potest
765 3152 817 3216 nd
842 3152 919 3216 AB
943 3153 1103 3241 erigentur
1128 3155 1352 3239 perpendiculo

61 3260 92 3322 A
107 3261 151 3336 D,
181 3260 209 3323 B
226 3259 263 3323 C.
311 3259 419 3345 Sitque
444 3259 472 3322 B
489 3260 517 3324 C
540 3273 641 3323 motus
656 3259 706 3322 ille
723 3271 815 3335 totus,
839 3272 870 3322 et
884 3280 941 3342 per
955 3274 1106 3343 punctum
1123 3261 1151 3323 C
1166 3261 1350 3346 nsymptotis

93 3493 127 3556 (¹³)
140 3497 152 3521 ⁶
167 3495 303 3541 Resistentr'o
319 3496 386 3554 globi,
406 3496 492 3541 coetoeir
500 3495 603 3554 paribus,
621 3502 652 3540 sst
663 3495 689 3540 in
720 3490 822 3537 motibus
837 3490 877 3551 qui
894 3488 1030 3545 uniformes,
1048 3488 1129 3536 ssltern
1146 3498 1217 3550 quem
1234 3489 1348 3550 proximi,

59 3556 410 3618 dupltcotdrotioneoelocr'tatis·
447 3561 460 3587 ⁶
474 3558 527 3603 Sint
536 3556 601 3618 globi
612 3571 689 3616 sequt-
720 3564 852 3609 censentur,
875 3567 931 3615 ergo
952 3553 1086 3599 murmure
1107 3563 1277 3601 momentsnere
1292 3567 1348 3602 srmt

60 3637 93 3669 es
104 3622 128 3666 in
139 3621 221 3667 eodem
232 3621 310 3667 modio
321 3621 379 3667 moti
389 3620 540 3667 dirersicum
550 3620 685 3677 velocitate5
718 3619 753 3664 bis
769 3627 796 3664 ut
811 3616 949 3673 velocitates,
968 3616 1013 3664 boc
1029 3625 1065 3663 est
1083 3614 1109 3663 iu
1125 3617 1214 3664 rstione
1229 3616 1348 3678 duplicstri

59 3695 137 3732 motus
147 3695 212 3731 totus
223 3686 406 3747 uniuscujusque
414 3694 449 3731 est
456 3684 491 3730 ud·
497 3693 587 3730 motum
598 3685 629 3730 sb
636 3683 686 3742 ipso
718 3679 851 3728 velocitatis.

58 3749 258 3796 communionum
280 3759 383 3809 tempore
398 3764 446 3810 quo
467 3746 526 3794 duas
544 3749 622 3794 tertius
637 3761 686 3794 run
750 3744 789 3809 (†)
803 3748 816 3775 ⁸
829 3745 967 3793 resistentia
980 3744 1046 3805 globi,
1058 3745 1254 3807 caterisprm'brtt,
1271 3755 1303 3794 est
1318 3747 1345 3796 itt

58 3813 164 3859 diametri
186 3814 306 3874 percurrit,
329 3823 355 3860 ut
372 3812 495 3860 densitates
513 3811 636 3873 globorum
655 3809 686 3857 sd
717 3807 934 3870 duplicotdrotime
944 3810 1057 3857 diametri.
1094 3811 1107 3838 ·
1127 3808 1180 3855 Sint
1194 3808 1258 3872 globi
1273 3809 1345 3872 requi·

59 3877 183 3924 densitstes
201 3876 341 3932 mediorum,
360 3875 460 3938 ideoque
476 3891 504 3922 es
522 3874 644 3936 hypothesi
659 3874 684 3921 in
717 3872 813 3930 veloces,
831 3869 898 3936 aqud
914 3872 986 3928 demi,
1003 3870 1027 3917 in
1039 3869 1121 3919 eodem
1133 3870 1211 3919 medio
1222 3872 1287 3931 moti,
1304 3872 1346 3921 sed

59 3941 142 3988 eidem
153 3942 249 3997 retiorrs,
261 3956 318 4004 ergo
328 3941 399 3988 etiem
410 3940 518 3987 velociter
528 3940 599 3986 unius
610 3949 644 3985 est
655 3935 685 3985 sd
717 3936 813 3984 diversa
828 3937 875 3984 sint
889 3948 970 3984 esrum
981 3934 1096 3992 diametri,
1113 3935 1234 3999 llngsntur
1244 3940 1292 3983 duo
1303 3950 1343 3999 q.

58 4006 204 4052 velocitatem
219 4006 316 4052 alterius
326 4015 353 4051 nt
363 4014 442 4051 motus
451 4006 481 4051 sb
491 4004 538 4050 illis
553 4002 685 4050 eommuni-
716 3999 787 4048 liudri
797 4000 903 4064 ejusdem
914 4014 969 4046 cum
981 3999 1008 4046 iis
1020 3999 1134 4057 diametri,
1151 4009 1175 4047 et
1186 4001 1256 4047 etism
1272 4001 1345 4064 requi.

59 4070 103 4116 tati
115 4071 258 4128 temporibus
272 4070 357 4132 quibus
372 4069 431 4116 dues
441 4068 518 4116 terties
528 4082 627 4114 suerum·
634 4067 684 4114 dis·
717 4064 806 4112 veloces
815 4075 840 4111 et
849 4080 916 4127 reque
926 4062 999 4120 densi,
1016 4064 1150 4111 resistentie
1160 4079 1217 4127 qum
1228 4065 1345 4125 patientur·

58 4144 185 4180 metrorum
207 4133 319 4198 (equita
336 4135 424 4195 quippe
441 4132 611 4194 longitudines)
633 4145 685 4192 per-
716 4128 816 4191 cylindri
837 4127 937 4192 singulis
954 4127 1080 4175 momentis
1095 4137 1166 4176 erunt
1184 4137 1211 4176 ut
1231 4143 1345 4187 nummus

58 4207 163 4244 currunt.
202 4197 342 4244 Dividuntur
353 4198 393 4244 ills
403 4208 507 4257 tempora
519 4197 543 4243 in
556 4207 630 4255 portes
640 4195 684 4242 mi·
716 4194 817 4254 psrtium
829 4194 920 4256 inques
930 4192 1060 4249 incurrunt,
1077 4191 1111 4239 illi
1122 4190 1178 4241 vero
1188 4195 1279 4240 numeri
1290 4205 1344 4254 pse.

58 4261 134 4308 nimss
150 4261 259 4323 utrinque
274 4262 381 4323 sequela,
398 4274 422 4309 et
432 4262 487 4324 quis
497 4260 682 4308 resistentium·
715 4257 776 4305 tium
792 4268 847 4305 sunt
858 4265 886 4304 ut
900 4256 1012 4319 qusdrsts
1023 4255 1203 4305 dismetrorurn:
1222 4255 1264 4305 sed
1274 4250 1344 4306 lsells

58 4327 121 4388 gulis
131 4326 262 4382 momentiu
274 4326 379 4387 ejusdem
389 4327 452 4388 globi
463 4335 575 4386 respectu,
593 4324 684 4371 unitor·
714 4320 787 4383 liquet
797 4320 936 4369 resistemim
942 4320 1100 4381 cylindrorum
1109 4320 1262 4384 etgloltornm
1270 4321 1343 4384 requi·

57 4392 104 4436 mis
114 4401 228 4445 censetur,
243 4390 378 4436 resistentia
388 4402 557 4447 momentanea
568 4399 637 4436 erunt
646 4386 682 4434 di·
714 4385 837 4442 velocium,
848 4383 951 4447 ejurdem
960 4383 1073 4441 diametri,
1085 4385 1110 4430 in
1119 4383 1344 4460 eodentmediosrgs

57 4454 120 4501 recte
130 4465 157 4500 ut
168 4465 247 4501 motus
256 4454 333 4500 amissi
345 4466 368 4500 et
379 4453 467 4500 inverse
478 4462 504 4500 ut
515 4464 619 4512 tempore
633 4450 685 4513 qui·
717 4450 742 4497 in
753 4449 809 4496 dats
815 4451 911 4504 retroue,
922 4463 980 4510 ergo
991 4459 1018 4495 ut
1028 4448 1156 4495 resistentis
1163 4449 1234 4496 unius
1244 4447 1344 4511 cylindrl

57 4518 102 4564 bus
112 4520 259 4576 emittuntur,
279 4519 319 4565 red
335 4529 414 4565 morus
426 4511 503 4564 eririml
519 4529 575 4564 sum
586 4526 613 4563 ut
624 4516 686 4563 velo·
717 4513 747 4561 sd
759 4513 911 4561 resistentiam
918 4511 1018 4565 ulterius,
1026 4511 1193 4559 tumemus
1200 4512 1344 4577 uninsglffl

57 4583 138 4630 cirster
153 4582 239 4631 directe
249 4594 274 4629 et
285 4593 388 4643 tempora
399 4592 454 4628 sunt
464 4581 553 4628 inversi
563 4592 590 4628 ut
601 4579 685 4627 veloti-
717 4577 747 4625 sd
758 4577 909 4626 mdmntlm
921 4576 1023 4630 elterius.
1039 4586 1095 4624 sunt
1105 4592 1162 4640 ergo
1171 4576 1296 4643 globmurrr
1306 4592 1343 4628 η.

56 4656 124 4704 nm,
140 4647 197 4709 quis
216 4647 319 4711 quites
339 4645 499 4710 longimdinrs
519 4653 687 4708 pumuntur
718 4639 1171 4704 mumurqurdmtrrmmum.

90 4730 151 4780 Vor.
166 4731 204 4780 11.
689 4724 714 4775 0
