3098 5534
630 368 891 438 PRAEFATIO.
1315 378 1402 444 xxvii

151 531 285 599 Extebit
299 532 397 624 igitur
411 536 562 602 eximium
578 539 723 605 Newtoni
739 541 831 628 Opus
845 543 993 608 adversus
1008 543 1171 610 atbeomm
1185 546 1318 631 impetus
1332 572 1404 615 mu·

104 642 297 708 mitissimum
308 645 503 730 praesidium:
520 651 714 736 nequeenim
725 652 869 718 alicunde
879 651 1008 732 feliciis,
1019 653 1113 741 quim
1124 678 1164 721 ex
1175 656 1235 722 huc
1244 659 1403 743 pharetra,

105 765 219 817 contro
233 752 362 839 impiam
378 768 534 821 catervam
549 759 611 823 tela
624 759 864 846 deprompseris.
899 762 976 827 Hoc
987 764 1082 829 sensit
1089 766 1223 850 pridem,
1233 770 1404 855 etinpere·

105 856 220 924 rudin's
244 860 448 926 concionibus
471 862 604 949 Anglice
621 864 795 947 Latinique
810 866 911 946 editis,
932 869 1053 952 primus
1073 871 1198 958 egregie
1212 873 1406 940 demonstra·

106 974 151 1037 vit
165 972 216 1036 vir
229 972 263 1036 in
277 972 364 1036 omni
377 971 538 1037 literarum
552 991 668 1059 genere
686 968 857 1055 proeelarus
875 968 1023 1058 idemque
1036 972 1191 1036 bonarum
1206 976 1320 1039 artium
1335 979 1403 1047 liru-

104 1096 156 1146 tor
170 1083 306 1147 eximius
322 1081 500 1148 Richardus
515 1079 688 1156 Bentleius,
705 1078 801 1142 seculi
816 1079 865 1142 sui
879 1090 911 1142 et
926 1079 1108 1144 Academioe
1122 1095 1241 1146 nostrae
1251 1103 1401 1170 magnum

104 1201 337 1267 ornamentum,
356 1188 491 1278 Collegii
501 1187 601 1252 nostri
617 1188 650 1252 S.
666 1186 831 1250 Trinitatis
846 1187 994 1274 magister
1004 1187 1204 1276 dignissimus
1219 1202 1251 1255 et
1264 1190 1401 1278 integer·

103 1300 211 1364 rimus.
258 1299 348 1364 Huic
363 1322 423 1388 ego
437 1321 488 1363 me
502 1296 644 1382 pluribus
659 1294 838 1359 nominibus
852 1296 1037 1359 obstrictum
1050 1295 1139 1360 fateri
1151 1297 1268 1362 debeo:
1285 1299 1359 1364 huic
1368 1313 1401 1366 et

103 1417 173 1470 tues
189 1429 263 1492 qnae
277 1405 432 1471 debentur
445 1405 571 1494 gratim,
587 1402 686 1468 lector
698 1401 860 1478 benevole,
876 1423 940 1465 non
954 1401 1134 1490 denegabis.
1173 1404 1310 1483 luerim,
1327 1428 1401 1472 cum

102 1536 123 1576 a
136 1513 236 1602 longo
250 1527 392 1600 tempore
407 1511 600 1578 celeberrimi
614 1509 751 1574 auctoris
762 1507 897 1573 amicitii
911 1508 1021 1574 intimi
1036 1509 1201 1589 frueretur,
1219 1518 1294 1599 (qua
1305 1515 1399 1579 etiam

100 1624 187 1708 apud
202 1637 347 1710 posteros
362 1624 482 1719 cepseri
496 1644 561 1686 non
576 1620 705 1684 minoris
720 1619 863 1696 aestimat,
880 1617 1121 1706 quimpropriis
1136 1622 1259 1706 scriptis
1274 1645 1346 1708 quae
1360 1624 1398 1690 li.

101 1744 203 1795 tereto
218 1732 289 1797 orbi
303 1732 337 1796 in
350 1730 469 1797 deliciis
485 1741 558 1796 sunt
572 1728 786 1807 inclarescere)
810 1726 903 1790 amici
923 1727 1016 1790 simul
1037 1727 1129 1793 famae
1150 1742 1182 1794 et
1199 1731 1398 1799 scientiarum

101 1841 296 1907 incremento
310 1840 478 1905 consuluit.
534 1839 645 1925 Itaque
659 1858 732 1901 curn
746 1835 937 1921 exemplaria
950 1837 1065 1921 prioris
1080 1838 1225 1904 editionis
1239 1843 1398 1907 rarissima

100 1949 276 2017 admodum
290 1963 322 2015 et
336 1950 464 2014 immani
478 1949 581 2034 pretio
597 1944 768 2011 coiimenda
789 1957 1003 2030 superessent3
1025 1947 1121 2029 suasit
1139 1947 1193 2011 ille
1214 1949 1331 2015 crebris
1351 1949 1397 2015 ef·

98 2058 357 2145 flagitationibus,
381 2070 413 2121 et
433 2070 555 2120 tanturn
577 2076 641 2117 non
664 2050 859 2141 objurgando
880 2051 1017 2136 perpulit
1038 2051 1175 2139 denique
1189 2055 1291 2119 virum
1311 2078 1394 2142 prae-

99 2168 339 2245 stantissimum,
355 2188 414 2230 nec
428 2163 579 2229 modestii
596 2160 700 2226 minuis
722 2160 817 2247 quim
832 2159 1007 2225 eruditione
1029 2164 1150 2227 summai
1173 2164 1336 2253 insignem,
1359 2177 1395 2232 nt

99 2295 216 2340 novam
231 2275 314 2342 hanc
328 2274 432 2361 operis
447 2274 625 2351 editionem,
641 2293 699 2358 per
714 2270 819 2334 omnia
834 2270 991 2337 elimatam
1002 2270 1149 2336 denudet
1162 2276 1296 2362 egregiis
1307 2277 1394 2340 insu·
1511 2296 1516 2306 ·

98 2407 156 2470 per
171 2383 404 2452 secessionibus
418 2380 559 2458 ditatam,
584 2380 648 2445 suis
671 2376 846 2462 sumptibus
863 2387 895 2441 et
914 2377 1057 2462 auspiciis
1072 2378 1200 2462 prodire
1214 2393 1390 2465 peteretur:

98 2493 178 2556 mihi
192 2489 281 2568 verb,
295 2511 356 2574 pro
364 2490 437 2577 jure
452 2511 519 2566 suo,
535 2510 669 2573 pensum
683 2508 746 2549 non
762 2486 920 2575 ingratum
935 2486 1143 2567 demandavit,
1160 2501 1304 2577 utquam
1317 2514 1392 2577 pos-

97 2614 144 2667 net
158 2595 327 2665 emendate
342 2595 375 2660 id
390 2594 458 2660 fieri
472 2604 624 2661 curarem.

192 2905 360 2967 mmmm.
373 2905 435 2954 atae
446 2907 483 2951 re.
499 2906 568 2952 rus

757 3185 983 3255 ROGERUS
1009 3186 1170 3265 COTES,

517 3293 633 3372 Collegit
646 3293 677 3352 S.
696 3291 842 3352 Trinitatis
858 3293 961 3364 Socim,
976 3296 1153 3355 Astronomioe
1165 3304 1192 3354 el
1206 3297 1388 3375 Philosophia

674 3396 905 3493 Experimcnlaiir
918 3395 1063 3475 Profertur
1077 3397 1252 3457 Plumiunus.
