3098 5534
91 388 206 453 Lrurn
224 387 389 471 Patrius]
458 389 701 459 PRINCIPIA
724 388 1096 458 MATHEMATICA.
1316 401 1381 461 sto

92 565 138 630 les
152 579 184 630 et
192 566 357 651 parallelae
372 567 526 634 ducantur
539 591 664 655 semper
678 593 694 634 s
707 590 740 654 p,
756 588 772 632 s
787 591 828 654 q;
850 581 882 633 et
895 588 991 633 curua
1003 589 1028 653 p
1041 590 1063 655 q
1076 586 1106 646 r,
1122 589 1216 654 quam
1230 579 1392 653 punctum·

90 674 318 758 prevolvendo
343 675 460 740 circum
485 690 638 762 punctum
662 679 827 743 immotum
852 701 868 744 s
890 677 1049 756 describit,
1072 675 1113 764 (ι’)
1135 678 1196 744 erit
1212 676 1328 744 similis
1349 690 1384 746 et

89 1712 218 1800 aequulis
233 1712 346 1792 curvis,
363 1733 441 1798 quas
455 1733 590 1797 corpora
604 1709 638 1789 S,
663 1709 692 1776 P
705 1706 888 1777 describunt
901 1709 1019 1778 circum
1033 1734 1068 1778 se
1081 1709 1211 1778 mutub:
1235 1713 1383 1800 proinde·

92 1843 153 1906 quc
177 1823 247 1913 (per
263 1819 382 1884 Theor.
400 1818 496 1900 XX.)
519 1815 627 1884 similis
642 1816 744 1883 curvis
760 1818 784 1883 S
798 1817 831 1884 T
844 1830 877 1884 et
892 1816 921 1884 P
936 1817 971 1897 Q
984 1819 1025 1900 V,
1042 1842 1119 1907 quas
1130 1819 1240 1886 eadem
1252 1844 1385 1909 corpora

89 1926 271 1992 describunt
285 1926 403 1990 circum
418 1937 585 1990 commune
600 1921 760 2013 graviutis
775 1938 917 1990 centrum
934 1925 982 1990 Cr
1003 1925 1099 2014 idque
1114 1927 1187 2015 quia
1207 1929 1384 2014 proportio-
1450 1951 1454 1959 ·

90 2059 147 2102 nes
162 2038 316 2101 linearum
332 2034 356 2100 S
372 2034 410 2114 C,
428 2034 456 2099 C
473 2034 510 2113 P,
526 2046 559 2100 et
575 2035 598 2101 S
614 2033 642 2099 P
656 2034 705 2098 vel
720 2055 735 2098 s
749 2054 772 2118 p
786 2032 827 2097 ad
842 2033 975 2098 invicem
988 2032 1114 2100 dantur.

135 2150 205 2213 Cur.
232 2156 261 2211 l.
286 2130 463 2211 Commune
477 2143 556 2208 illud
570 2142 730 2232 gravitatis
744 2157 886 2208 centrum
909 2143 948 2231 C,
974 2166 1032 2230 per
1053 2145 1160 2234 legimr
1186 2146 1384 2212 corollarium

87 2268 244 2342 quartum,
259 2252 310 2318 vel
327 2253 469 2341 quiescit,
495 2250 546 2315 vel
571 2263 715 2315 movetur
737 2247 933 2314 uniformiter
957 2251 991 2315 in
1016 2249 1180 2319 directum.
1226 2253 1385 2319 Ponamus

85 2363 200 2447 primo,
217 2359 304 2448 quod
318 2359 352 2424 id
366 2361 509 2447 quiescit,
527 2361 623 2447 inque
638 2383 653 2425 s
667 2373 700 2424 et
713 2380 736 2444 p
749 2359 893 2425 locentur
906 2381 1039 2447 corpora
1053 2360 1128 2442 duo,
1143 2361 1302 2428 immobile
1313 2364 1384 2442 ins,

86 2467 202 2532 mobile
217 2469 250 2531 in
264 2489 299 2552 p,
315 2466 502 2551 corporibus
522 2467 594 2531 Set
609 2465 637 2530 P
653 2465 765 2530 similia
787 2478 820 2531 et
840 2466 982 2551 aequalia.
1025 2466 1113 2534 Dein
1135 2479 1266 2557 tangant
1290 2482 1386 2536 rectae

89 2570 1385 2664 PRetprcurvasPQetpqinPetp,etproducanturCQetsqudR

86 2695 161 2748 etr.
207 2682 251 2748 Et
270 2680 312 2747 ob
334 2679 570 2746 similitudinem
591 2678 1387 2772 figurarumCPRQ,sprqeritRQadrq

84 2803 122 2857 ut
138 2791 167 2856 C
183 2791 211 2856 P
225 2784 267 2856 ad
283 2814 298 2856 s
312 2812 345 2875 p,
369 2790 505 2878 ideoque
519 2790 552 2881 in
567 2787 640 2854 dati
655 2790 786 2855 ratione.
832 2788 971 2855 Proinde
997 2790 1024 2855 si
1046 2790 1103 2871 vis,
1131 2791 1192 2880 qui
1216 2814 1330 2880 corpus
1357 2794 1386 2860 P

85 2921 196 2964 versus
212 2920 327 2985 corpus
344 2898 377 2976 S,
394 2910 490 2985 atque
505 2898 578 2962 ideo
592 2920 702 2963 versus
717 2910 860 2963 centrum
874 2896 1095 2966 intermedium
1105 2900 1133 2965 C
1144 2901 1319 2982 attrabitur,
1335 2925 1385 2968 es·

85 3020 133 3071 set
147 3005 188 3070 ad
204 3006 276 3085 vim,
294 3005 356 3092 qui
371 3027 488 3090 corpus
502 3026 525 3090 p
538 3026 648 3071 versus
663 3018 806 3072 centrum
820 3028 836 3072 s
851 3004 1028 3085 attrahitur,
1040 3006 1073 3070 in
1083 3005 1255 3073 eidemilli
1264 3009 1385 3076 ratione

85 3115 180 3189 dati:
201 3115 254 3179 hae
268 3116 350 3180 vires
364 3114 539 3202 oequalibus
555 3114 748 3199 temporibus
762 3111 955 3179 attraherent
975 3136 1100 3202 semper
1114 3137 1245 3203 corpora
1260 3116 1301 3182 de
1315 3130 1385 3183 tan·

84 3223 231 3311 gentibus
248 3223 276 3288 P
294 3224 336 3300 R,
351 3245 374 3307 p
389 3245 406 3285 r
421 3221 462 3286 ad
478 3242 569 3286 arcus
590 3220 618 3285 P
636 3220 679 3300 Q,
702 3241 760 3308 pq
781 3242 839 3306 per
859 3221 1022 3286 intervalla
1042 3221 1118 3307 ipsis
1138 3223 1385 3310 proportionalia

16 3329 20 3335 ’
88 3331 120 3396 R
135 3331 179 3408 Q,
196 3354 258 3418 rq,
275 3329 409 3415 ideoque
424 3329 472 3392 vis
486 3329 643 3414 posterior
657 3327 804 3406 efficeret,
820 3342 855 3392 ut
869 3351 983 3413 corpus
1003 3351 1026 3415 p
1048 3344 1213 3418 gyraretur
1234 3332 1267 3396 in
1289 3333 1383 3399 curvi

84 3460 107 3524 p
122 3462 142 3526 q
157 3461 187 3518 v,
203 3461 275 3524 quae
291 3437 402 3502 similis
418 3449 501 3502 esset
514 3435 665 3502 curvaeP
680 3434 713 3512 Q
728 3435 770 3514 V,
786 3435 820 3499 in
835 3435 896 3522 qut
910 3436 957 3499 vis
978 3437 1067 3522 prior
1088 3437 1191 3517 efficit,
1214 3449 1250 3503 ut
1270 3460 1383 3525 corpus

86 3546 114 3611 P
128 3558 259 3633 gyretur
268 3569 278 3622 3
302 3556 334 3608 et
349 3542 559 3609 revolutiones
575 3541 688 3607 iisdem
702 3541 895 3626 temporibus
906 3543 1147 3628 complerentur.
1181 3545 1227 3611 At
1235 3548 1383 3633 quoniam

83 3653 165 3718 uires
180 3651 244 3716 illae
257 3674 325 3715 non
340 3651 469 3716 suntad
484 3649 618 3715 invicem
633 3650 667 3715 in
682 3649 802 3715 ratione
821 3650 850 3715 C
865 3650 893 3715 P
907 3650 949 3715 ad
963 3674 978 3716 s
991 3674 1025 3738 p,
1048 3652 1105 3718 sed
1127 3653 1184 3740 (ob
1206 3656 1383 3724 similitudi·

84 3786 158 3827 nem
173 3774 205 3827 et
219 3760 431 3847 aequalitatem
446 3781 614 3845 corpomm
631 3760 655 3826 S
669 3772 741 3837 et‘s,
758 3757 833 3825 Pet
846 3781 879 3845 p,
895 3772 928 3826 et
941 3763 1150 3848 aequalitatem
1165 3763 1383 3833 distantiarum

85 3869 164 3946 SP,
182 3892 197 3933 s
212 3868 247 3953 p)
271 3865 330 3930 sibi
344 3864 456 3930 mutud
477 3865 635 3953 aequales3
658 3886 791 3951 corpora
811 3867 984 3954 aequalibus
1007 3870 1199 3956 temporibus
1220 3875 1383 3960 aequaliter

82 3977 249 4044 trahentur
263 3975 304 4040 de
318 3974 539 4063 tangentibus:
563 3988 596 4040 et
604 3987 781 4061 propterea,
793 3989 829 4041 ut
837 3999 951 4065 corpus
965 3981 1120 4065 posterius
1134 4003 1157 4067 p
1171 3982 1313 4070 trahatur
1323 4007 1382 4070 per

81 4086 282 4156 intervallum
297 4086 398 4172 majus
412 4108 431 4148 r
445 4109 476 4173 q,
492 4084 662 4170 requiritur
675 4097 799 4170 tempus
813 4088 924 4173 majus,
948 4090 986 4174 (⁰)
1008 4089 1102 4177 idque
1116 4091 1149 4155 in
1164 4091 1380 4178 subduplicati

82 4197 206 4262 ratione
221 4193 480 4271 intervallomm3
501 4205 670 4280 propterea
684 4194 770 4282 quod
792 4200 864 4283 (per
877 4196 992 4262 lemma
1006 4199 1175 4284 decimum)
1198 4203 1296 4288 spatia
1310 4203 1379 4289 ipso

116 4391 151 4456 0)
170 4394 184 4422 ⁰
202 4393 256 4439 Erit
267 4392 345 4439 similis
356 4397 377 4437 et
392 4404 414 4437 ω
447 4390 490 4437 alla
504 4389 588 4445 curru,
607 4395 636 4436 ut
652 4396 718 4450 putet
747 4388 911 4450 subduplicati
930 4391 1020 4440 ratione
1038 4393 1173 4441 eorumdem
1192 4395 1375 4456 intervallum,

84 4472 113 4505 ex
125 4455 321 4504 demonstratione
332 4406 495 4514 propositionis
504 4451 638 4512 superioria.
747 4466 791 4514 per
810 4454 879 4502 Lem.
902 4455 935 4502 X.
964 4455 1046 4511 Quard
1061 4457 1081 4505 ai
1099 4456 1231 4508 velocitates
1249 4464 1377 4512 uniformes

116 4519 151 4584 (‘)
170 4523 243 4582 quue
260 4522 286 4566 in
303 4516 461 4578 subduplicatti
483 4520 572 4564 ratione
590 4519 718 4566 intervallo·
747 4517 834 4579 qmbua
844 4518 931 4566 similes
941 4534 1008 4568 arom
1019 4531 1137 4570 nascentes
1147 4539 1164 4584 p
1173 4541 1197 4588 q,
1211 4525 1233 4573 P
1244 4527 1270 4581 Q
1280 4528 1375 4590 equali.

83 4602 146 4634 rum.
184 4583 339 4631 Nascentilms
349 4584 448 4627 arcubus
460 4581 477 4632 Ρ
495 4597 517 4642 q,
536 4581 557 4627 P
570 4581 596 4636 Q
610 4590 715 4642 tempora
746 4583 792 4629 bus
801 4581 889 4629 viribus
898 4584 1031 4645 ceutripctic
1045 4585 1212 4643 describuntur,
1224 4589 1331 4639 dicantur
1342 4592 1374 4650 V,

83 4646 528 4713 qumusdcscribunturintcrvollarq,
544 4645 715 4700 thsuntin
747 4647 1088 4707 r.tcmporaT,t,critT²2
1103 4653 1246 4719 t²=1q;
1263 4656 1369 4713 ηαξ
