3098 5534
130 391 247 458 Lissa
263 391 427 470 Primus]
488 385 731 456 PRINCIPIA
755 379 1127 451 utuTHEMsTwn.
1328 426 1346 460 ,
1363 386 1426 444 uls

178 560 277 625 Cerci,
301 567 332 623 8.
357 557 503 641 Corpora
515 555 580 619 duo
596 554 714 642 quaeris
727 553 845 618 circum
859 551 1019 640 gravitatis
1033 561 1177 622 centrum
1191 568 1357 633 commune
1370 568 1428 633 gy·
1481 537 1484 540 ’

131 667 245 743 rantis,
262 663 358 728 radiis
373 661 460 727 etad
475 674 617 727 centrum
632 661 712 725 illud
734 673 767 725 et
791 658 833 724 ad
859 681 892 724 se
917 655 1029 724 mutui)
1052 656 1165 735 ductis,
1190 655 1227 742 (θ)
1249 653 1431 721 describunt

133 798 224 841 areas
239 772 434 858 temporibus
448 769 708 857 proportionales.

350 1033 635 1103 puorosrrso
656 988 753 1104 uui.
797 1029 1069 1105 rusorum
1092 1029 1211 1095 xxu.

135 1193 297 1276 Corporum
312 1191 432 1254 duorum
450 1190 516 1253 Set
533 1189 570 1266 P,
586 1190 822 1252 circacommunc
841 1187 1004 1270 gravitatis
1024 1194 1152 1250 craterem
1170 1187 1428 1267 Crevolaeutium,

174 1311 286 1383 tempus
294 1301 478 1383 periodicum
493 1321 552 1362 esse
566 1300 609 1361 ad
621 1307 734 1379 ternpus
741 1297 926 1379 periodicum
940 1297 1071 1377 corporis
1092 1296 1265 1359 alterutrius
1290 1296 1326 1374 P,
1348 1299 1429 1363 circa

175 1409 301 1470 aiterum
316 1408 462 1468 immotum
480 1405 663 1488 Sgyrcutis,
679 1411 707 1465 et
717 1403 842 1485 figuris,
865 1423 931 1484 quae
944 1422 1069 1483 corpora
1083 1403 1188 1464 circum
1203 1422 1233 1464 se
1247 1412 1344 1465 mutuo
1366 1402 1429 1469 des-

174 1513 300 1589 cribunt,
311 1513 447 1594 figuram
461 1513 584 1574 e'miiem
599 1519 628 1573 et
649 1511 791 1592 aequalem
812 1508 1010 1582 describentis,
1031 1509 1066 1573 iu
1087 1507 1295 1590 ucbdrrplicatci
1312 1511 1428 1577 ratione
1530 1542 1534 1549 ·

174 1621 306 1703 corporis
319 1619 443 1682 alterius
460 1619 495 1696 S,
510 1620 554 1681 cd
566 1604 703 1681 mmmaru
717 1606 910 1700 corporatus
930 1626 962 1693 -t-
984 1616 1021 1680 P.
1122 1611 1126 1615 ¹

179 1791 335 1878 Namque,
352 1813 393 1856 ex
408 1789 671 1855 demonstratione
686 1787 855 1873 superioris
879 1787 1112 1872 propositionis,
1138 1800 1290 1872 tempora,
1316 1789 1428 1874 quibus

131 1921 221 1964 arcus
237 1899 336 1983 qbivis
356 1899 471 1962 similes
488 1897 515 1961 P
530 1898 563 1975 Q
578 1908 610 1961 et
624 1919 646 1982 p
661 1918 682 1982 q
697 1894 925 1972 describuntur,
942 1894 1062 1958 suntin
1077 1894 1292 1978 subduplicati
1308 1896 1429 1961 ratione

131 2008 352 2072 distantiarum
368 2007 396 2073 C
413 2007 487 2072 Pet
503 2009 527 2073 S
543 2007 634 2072 Pvel
650 2030 665 2070 s
679 2027 711 2090 p,
727 2005 789 2069 hoc
804 2016 859 2082 est,
875 2005 909 2068 in
924 2003 1140 2089 subduplicatri
1155 2006 1275 2069 ratione
1291 2008 1429 2091 corporis

132 2114 211 2179 Sad
226 2136 379 2178 summam
395 2136 565 2198 corporum
591 2115 613 2179 S
634 2124 666 2187 ψ
688 2112 726 2177 P.
772 2111 815 2176 Et
840 2111 1068 2196 componendo,
1095 2134 1226 2176 summae
1251 2123 1428 2197 temporum

129 2221 242 2306 quibus
264 2243 355 2284 arcus
382 2243 492 2284 omnes
516 2220 630 2283 similes
647 2219 675 2283 P
691 2218 723 2295 Q
738 2231 805 2301 etp
821 2241 842 2305 q
868 2218 1094 2296 describuntur,
1119 2217 1180 2282 hoc
1204 2231 1259 2296 est,
1277 2213 1429 2303 ⁴tempora

133 2341 208 2404 tota,
225 2327 338 2413 quibus
354 2325 465 2413 figurae
480 2338 555 2390 totae
571 2324 686 2390 similes
701 2322 929 2406 describuntur,
953 2337 1026 2388 sunt
1040 2325 1073 2388 in
1087 2322 1197 2389 eidem
1211 2324 1428 2411 subduplicatri

132 2435 262 2498 ratione.
308 2433 350 2510 Q.
366 2456 393 2498 e.
409 2433 441 2502 d.

344 2676 630 2744 enorosmlo
654 2677 730 2742 ux.
776 2625 1049 2744 remorsus
1072 2674 1210 2742 xxm.

125 2839 164 2902 Si
176 2861 303 2922 corpora
318 2843 376 2904 duo
392 2843 460 2905 Set
475 2841 512 2917 P,
528 2842 640 2905 viribus
654 2841 802 2924 quadrato
813 2841 967 2904 distamiae
980 2861 1042 2903 sure
1055 2839 1204 2922 reciproce*
1211 2844 1427 2925 proportiona-

115 2976 118 2982 ¹
168 2949 290 3025 iibro,se
301 2945 398 3011 mutuo
408 2950 570 3026 trahentia,
582 2951 771 3012 recoloratur
780 2950 862 3012 circa
869 2949 1033 3032 grauitatis
1043 2957 1173 3011 centrum
1184 2971 1345 3013 murrae.-
1360 2953 1427 3014 dico

169 3059 247 3139 quad
260 3059 402 3138 ellipseos,
419 3078 506 3140 quam
521 3078 625 3137 corpus
639 3057 814 3118 alterutrum
830 3054 858 3119 P
871 3056 925 3118 icoc
938 3064 1016 3120 motu
1030 3056 1111 3118 circa
1125 3057 1250 3118 alterum
1274 3058 1297 3120 S
1317 3059 1427 3122 descri-

169 3165 221 3238 bit,
239 3165 306 3226 acis
317 3166 501 3245 priucrpalis
516 3166 573 3226 erit
587 3165 631 3225 cd
643 3185 729 3228 accru
738 3164 939 3245 principalem
954 3164 1096 3244 eiimseos,
1122 3186 1208 3252 quam
1231 3187 1334 3248 corpus
1348 3169 1425 3232 idem

171 3272 199 3337 P
213 3276 292 3336 circa
307 3276 432 3336 ulterumr
456 3275 603 3356 quiescens
619 3276 642 3338 S
656 3276 754 3336 eodem
767 3283 895 3356 ternpore
910 3273 1066 3353 periodica
1088 3274 1250 3338 describere
1266 3289 1375 3358 posset,
1391 3285 1424 3339 ut

168 3402 276 3443 summa
291 3401 443 3462 corporum
458 3384 579 3444 duarum
592 3381 615 3444 S
630 3392 661 3456 ÷
678 3381 705 3443 P
719 3381 898 3462 adpriurum
915 3383 1035 3442 duanam
1050 3377 1144 3442 medii
1151 3386 1423 3464 proportionalium

168 3489 248 3549 inter
261 3487 338 3548 banc
352 3508 491 3550 summam
506 3496 534 3550 et
548 3508 653 3568 corpus
667 3488 745 3548 iliud
757 3488 882 3548 alterum
901 3487 934 3551 S.

170 3657 204 3743 (s)
229 3658 313 3722 Nam
328 3658 355 3721 si
370 3658 534 3745 descriptae
550 3660 674 3744 ellipses
690 3656 792 3724 essent
806 3659 865 3725 sibi
880 3661 1013 3725 invicem
1034 3663 1179 3750 aequales,
1202 3677 1344 3753 tempora
1366 3689 1422 3752 pe·

158 3856 193 3919 (ἢ
211 3859 224 3885 ”
243 3860 383 3907 Describam
399 3877 464 3908 creas
480 3863 616 3922 temporibus
630 3863 757 3923 proportio-
789 3860 853 3907 uiam
865 3876 994 3924 arerequas
1014 3877 1110 3924 corpora
1130 3864 1153 3917 S,
1168 3863 1190 3910 P
1206 3863 1294 3912 circum
1313 3873 1421 3913 centrum

125 3925 195 3968 naas.
233 3922 295 3968 Nam
307 3932 412 3982 tempora
422 3924 508 3984 quibus
518 3924 682 3972 describuntur
698 3941 758 3974 arem
790 3926 910 3988 gravitatis
920 3926 1054 3974 describunt
1065 3928 1152 3975 §miles
1163 3940 1218 3975 sunt
1228 3930 1288 3976 areis
1305 3945 1363 3992 quas
1381 3931 1421 3977 iis-

124 3985 212 4046 quaevis
223 3986 309 4032 similes
325 4003 396 4048 qu,
416 3989 435 4034 C
450 3987 471 4035 P
486 3989 517 4044 Q,
530 3999 552 4035 et
569 4005 607 4050 sp
622 4008 645 4047 v,
658 3990 677 4037 C
692 3989 757 4047 Pv,
790 3989 844 4037 dem
863 3991 1006 4050 temporibus
1026 3991 1160 4040 describunt
1178 3992 1266 4040 circum
1284 4009 1309 4040 se
1327 3991 1419 4052 mutui,

124 4059 180 4095 sunt
190 4065 281 4109 semper
292 4050 316 4096 in
328 4050 382 4097 dati
394 4052 490 4108 ratione,
502 4052 622 4110 nimirum,
635 4052 758 4114 subdupli·
790 4063 860 4102 erunt
870 4070 964 4116 quoque
974 4069 1034 4103 arere
1046 4056 1096 4103 ista
1112 4056 1294 4118 proportionales
1309 4058 1420 4118 tempori-

124 4113 174 4158 caui
188 4113 348 4160 distantiarum
360 4116 473 4161 similium
484 4132 496 4160 s
506 4131 529 4175 p,
544 4118 564 4164 C
578 4117 600 4164 P
616 4120 656 4180 (ex
670 4115 757 4180 Dem.)
789 4119 834 4166 bus
844 4121 928 4180 quibus
939 4119 1108 4167 describuntur.

123 4185 148 4222 et
159 4177 256 4236 proindi
267 4190 360 4239 tempus
370 4195 417 4240 quo
429 4179 568 4227 describitur
579 4196 633 4228 area
643 4197 655 4226 s
666 4197 681 4241 p
691 4199 714 4244 q,
724 4192 759 4233 cst
836 4180 868 4245 (¹)
898 4186 964 4230 nun·
983 4186 1003 4230 si
1024 4187 1140 4245 descripta
1159 4186 1251 4246 ellipses,
1274 4185 1317 4234 iic.
1358 4186 1419 4234 rixis

123 4241 154 4287 ad
166 4251 259 4299 tempus
268 4241 319 4303 quo'
328 4243 466 4290 describitur
476 4260 529 4290 area
540 4261 550 4290 s
561 4260 606 4310 pr,
627 4254 654 4292 ut
665 4257 759 4304 tempus
783 4246 925 4356 'principalis
935 4245 1052 4306 ellipsinm
1070 4247 1205 4308 equalium,
1216 4265 1274 4311 quas
1284 4265 1381 4311 corpora
1393 4250 1417 4308 S,

123 4320 171 4366 quo
183 4305 320 4353 describitur
330 4323 384 4353 arca
397 4309 417 4354 C
430 4308 450 4354 Ρ
461 4309 492 4362 Q,
504 4308 535 4354 ad
546 4319 639 4370 tempus
648 4324 696 4369 quo
705 4309 758 4356 des·
824 4309 913 4357 circum
924 4325 949 4356 sa
960 4310 1043 4357 mutud
1054 4309 1188 4359 describunt
1200 4319 1238 4376 (ut
1248 4313 1278 4361 ad
1292 4314 1361 4375 Prop.
1375 4318 1407 4364 st

123 4369 220 4415 cribitur
231 4385 282 4416 area
297 4371 316 4417 C
330 4371 352 4416 P
366 4371 402 4428 V;
420 4371 460 4417 sed
474 4377 526 4435 (per
537 4372 606 4432 Prop.
618 4372 653 4433 1.)
666 4383 756 4432 tempo·
787 4374 948 4435 exposuimus)
966 4374 1061 4435 aqualis
1076 4384 1111 4421 est
1121 4375 1160 4422 axi
1171 4375 1291 4438 principali
1302 4377 1416 4439 ellipseos,

123 4447 150 4479 ra
167 4434 253 4495 quibus
272 4436 434 4482 describuntur
450 4452 511 4482 arear
525 4451 540 4482 s
551 4452 566 4495 p
576 4453 599 4498 q,
616 4447 686 4495 spv.
700 4445 757 4483 sunt
788 4450 863 4500 pqr,
876 4453 945 4500 quam
957 4451 1041 4496 corpus
1053 4439 1111 4497 puel
1121 4439 1148 4495 P,
1160 4439 1221 4487 circi
1231 4456 1315 4503 corpus
1325 4443 1416 4501 arcis,

123 4497 182 4544 arcis
201 4497 247 4543 illis
264 4497 370 4559 adeoque
387 4509 410 4546 et
427 4500 487 4545 areis
505 4500 620 4546 similibus
639 4501 659 4546 C
682 4500 703 4547 P
724 4501 757 4555 Q,
789 4501 867 4548 reveri
888 4503 1012 4548 immotum
1035 4501 1144 4551 describit
1168 4508 1207 4571 (ut
1224 4505 1250 4552 in
1269 4506 1339 4568 l'rop.
1361 4507 1416 4569 58.)

127 4563 146 4607 C
160 4562 183 4623 R
195 4563 216 4602 V
229 4562 416 4621 proportionalia,
428 4562 485 4624 ergo
495 4579 555 4610 areae
568 4566 587 4611 C
600 4565 661 4620 PQ,
673 4565 693 4612 C
705 4563 758 4614 Pv
792 4565 841 4612 Hic
852 4565 901 4612 uis
911 4564 1144 4628 dicaturA,tempusv
1152 4568 1296 4629 periodicum
1311 4574 1374 4633 quod
1391 4571 1416 4619 ia

123 4634 178 4671 sunt
194 4635 221 4671 ut
237 4637 342 4686 tempora
357 4628 442 4688 quibus
458 4627 636 4687 describnritur5
659 4638 683 4675 ct
698 4645 757 4691 quo·
790 4628 908 4690 ellipsibus
924 4640 1025 4692 quatuor
1042 4646 1101 4693 quas
1117 4635 1247 4694 corpores,
1262 4635 1417 4688 Peircmnc
1470 4676 1478 4693 ,
