3098 5534
126 383 238 451 Lmen
255 382 421 462 Secum]
469 376 713 448 Pntnctptt
735 370 1116 453 Mnfflntmtttt.
1170 376 1200 463 ’,
1357 387 1427 461 21⁷,

127 553 219 619 suum
233 563 386 638 perpetuo
401 563 512 630 servet,
535 552 572 637 (¹)
586 563 620 616 et
633 551 748 639 glacies
761 552 898 640 quietem
911 574 1011 617 suam.
1056 551 1097 620 In
1111 537 1313 639 requenfibas
1326 552 1424 642 igitar

127 663 168 726 sit
190 662 261 728 ST
274 661 426 725 diameter
446 660 607 725 foraminis
628 661 787 727 circadaris
807 675 917 726 centro
933 662 960 727 Z
974 662 1125 746 descripti
1148 684 1207 747 per
1228 663 1318 749 quod
1338 674 1423 733 ottu-

125 784 212 834 racta
226 769 325 835 effluit
338 792 379 834 ex
392 792 466 834 vase
481 770 535 834 ubi
551 792 633 857 aqua
646 781 713 835 tota
727 771 760 834 in
775 793 848 836 vase
860 770 959 835 fluida
972 782 1030 836 est.
1068 769 1113 835 Et
1126 771 1168 835 sit
1183 771 1214 836 Ε
1229 771 1257 837 F
1271 771 1424 837 diameter

125 876 286 942 foraminis
299 900 358 962 per
371 878 457 964 quod
471 890 626 943 cataracta
648 879 789 943 cadendo
809 878 972 966 adaequatd
993 879 1115 956 transit,
1140 879 1207 945 sive
1228 901 1310 965 aqua
1329 889 1424 945 erut

127 1009 168 1050 ex
182 1010 254 1050 vase
268 1009 327 1072 per
340 987 481 1051 foramen
496 987 574 1051 illud
589 988 733 1072 superius
749 988 773 1053 S
789 987 830 1064 T,
846 988 910 1051 sive
924 987 1016 1051 cada
1029 1009 1088 1071 per
1101 986 1241 1052 mefflum
1255 987 1366 1074 glaciei
1383 986 1423 1057 in

128 1117 200 1158 vase
218 1107 368 1181 tanquam
390 1116 449 1180 per
469 1093 710 1159 infundibulum.
757 1094 801 1158 Et
824 1093 866 1158 sit
890 1093 1043 1158 diameter
1062 1093 1224 1159 foraminis
1241 1093 1421 1179 superioris

130 1202 254 1282 SThad
270 1202 456 1267 diametrum
481 1202 636 1271 inferioris
653 1202 682 1266 E
698 1202 777 1266 Fut
792 1209 834 1267 25
848 1201 891 1265 ad
905 1210 943 1265 21
963 1202 1096 1279 circiter,
1121 1213 1155 1268 et
1176 1201 1325 1271 distantia
1348 1222 1422 1287 pet·-

125 1311 335 1396 pendicularis
350 1313 431 1376 inter
444 1313 539 1396 plana
550 1311 739 1376 foraminum
753 1310 883 1397 aequalis
899 1310 939 1374 sit
952 1310 1106 1375 diametro
1119 1310 1280 1379 foraminis
1291 1307 1422 1381 minoris

128 1420 157 1483 E
174 1420 210 1483 F.
255 1421 300 1484 Et
322 1419 468 1484 velocitas
491 1441 582 1507 aquas
604 1442 622 1484 e
642 1442 716 1484 vasa
736 1441 794 1504 per
816 1418 960 1483 foramen
984 1418 1056 1483 ST
1078 1419 1221 1484 muntia
1246 1438 1285 1483 ea
1308 1417 1368 1493 erit
1387 1416 1422 1480 in

124 1527 195 1612 ipso
215 1526 368 1591 foramine
387 1527 534 1592 deorsum
557 1548 652 1611 quam
678 1548 792 1612 corpus
813 1526 956 1591 cadendo
975 1549 995 1590 a
1011 1525 1143 1589 dimidio
1168 1525 1338 1590 altitudinis
1359 1523 1422 1589 IZ

125 1637 286 1721 acquirere
309 1649 429 1720 potest:
459 1636 608 1701 velocitas
633 1648 738 1701 autem
763 1648 927 1701 cataractas
951 1635 1116 1721 utriusque
1138 1635 1277 1700 cadomis
1302 1656 1340 1699 ea
1358 1634 1422 1698 erit

126 1744 159 1806 in
180 1743 332 1808 foramine
356 1744 438 1820 EF,
466 1764 560 1830 quam
584 1764 700 1830 corpus
722 1743 864 1809 cadendo
884 1743 926 1809 ab
950 1742 1114 1809 altitudine
1137 1742 1201 1807 toti
1228 1741 1294 1807 IG
1318 1741 1353 1826 (⁸)
1369 1763 1421 1814 ac·

126 1850 236 1937 quiret.

171 1962 240 2023 Cas.
256 1966 286 2021 2.
334 1958 368 2023 Si
393 1958 534 2023 foramen
558 1957 632 2024 EF
652 1980 718 2023 non
738 1959 779 2024 sit
799 1959 833 2023 in
853 1958 962 2025 medio
984 1959 1074 2025 flandi
1093 1958 1185 2036 vasu,
1212 1958 1269 2024 sed
1288 1957 1420 2022 fundum

125 2068 199 2133 alibi
223 2067 421 2152 perforetur:
449 2090 529 2156 aqua
551 2068 657 2134 effluet
678 2068 789 2135 eidem
811 2092 883 2135 cum
905 2070 1071 2146 velocitate
1094 2093 1131 2136 ac
1151 2069 1249 2155 pride,
1277 2069 1303 2135 si
1324 2065 1421 2135 mods

126 2178 234 2241 eadem
260 2178 300 2241 sit
325 2178 486 2242 foraminis
515 2179 710 2266 magnitudo.
756 2179 840 2244 Nam
863 2200 960 2268 grave
985 2180 1097 2265 majori
1122 2179 1250 2265 quidem
1278 2189 1420 2262 tempore

125 2283 288 2349 descendit
311 2285 351 2348 sd
375 2287 507 2350 eandem
530 2285 775 2372 profunditatem
798 2288 835 2374 (2)
850 2310 908 2374 per
931 2288 1225 2375 linesm'obliquam
1247 2285 1341 2379 qudm
1361 2308 1420 2372 per

124 2393 238 2456 lineam
254 2393 554 2477 perpendicularem,
578 2394 633 2458 sed
648 2395 869 2460 descendendo
883 2395 1015 2461 eandem
1028 2397 1225 2462 velocitatem
1239 2395 1372 2564 acquirit
1385 2394 1419 2459 iu

124 2504 257 2587 utroque
272 2521 356 2577 casu,
373 2501 413 2585 (“)
429 2513 465 2565 ut
480 2501 631 2566 Galilaeus
647 2501 881 2569 demonstravit.

170 2611 239 2673 Cas.
264 2617 292 2672 3.
338 2607 460 2672 Eadem
484 2621 532 2674 est
556 2632 647 2696 aquae
670 2609 817 2674 velocitas
847 2608 1000 2675 effluentis
1021 2632 1080 2696 per
1102 2610 1275 2675 foraman'
1266 2631 1300 2673 ιιι
1320 2608 1420 2675 latere

125 2718 214 2782 vasis.
259 2717 390 2781 Nam
366 2739 392 2781 ει
414 2717 555 2782 foramen
575 2739 709 2802 parvum
730 2718 778 2798 sit,
802 2719 897 2804 (¹)nt
916 2717 1115 2783 intervallum
1136 2719 1218 2783 inter
1236 2716 1419 2802 superficies

158 2911 191 2976 (¹)
204 2915 218 2943 '
232 2915 266 2961 Et
282 2914 368 2974 glaciet
385 2915 487 2975 quietem
502 2929 578 2961 mn.
613 2911 690 2960 Sunto
703 2927 757 2960 naa

125 2975 174 3022 duo
185 2975 283 3052 aequalia
296 2978 319 3023 Α
333 2977 354 3052 Β
369 2977 393 3023 D
407 2977 435 3033 C,
448 2975 543 3031 abde,
555 2976 581 3022 iu
591 2991 693 3052 quorpm
708 2977 757 3052 pri·

125 3041 413 3166 3ζέἲέιῖΞῖἑὲ
421 3040 681 3161 mitt
691 3050 758 3167 tt:

126 3179 263 3215 cataractam
274 3168 405 3217 abmfsn
425 3168 549 3215 lamando
558 3168 757 3228 effluatperfors·

126 3246 181 3279 men
192 3248 206 3278 e
216 3232 230 3277 ι’
237 3232 332 3278 sectiom
341 3247 407 3279 veno
416 3242 540 3280 contractae
550 3247 564 3280 e
574 3232 689 3280 foramine
701 3233 725 3280 Β
735 3232 757 3282 Β

127 3295 243 3341 exilientis
258 3295 362 3357 aquale3
382 3306 406 3342 et
423 3296 475 3343 luco
492 3296 552 3343 mis
572 3300 594 3343 A
610 3297 631 3344 B
645 3297 670 3344 D
684 3297 712 3353 C,
730 3296 756 3344 in

131 3358 405 3407 Problematissolutione
411 3360 518 3407 mbstitui
524 3360 756 3420 poteritvssalteruut

126 3423 225 3479 abde,
245 3424 270 3469 in
289 3438 337 3484 quo
352 3439 420 3485 aquo
435 3439 476 3482 per
492 3424 573 3471 lumen
589 3426 627 3472 ef
638 3424 755 3472 effluentis

127 3486 253 3533 eademest
264 3487 372 3534 velocitas
382 3502 454 3550 quam
465 3502 613 3550 aquaeraoe
624 3488 648 3534 A
662 3489 685 3534 Β
698 3487 754 3536 Dc

127 3550 224 3597 exiliens
232 3553 302 3598 babet
309 3552 333 3597 in
342 3551 515 3599 condonaretur
523 3562 655 3606 mutractae,
663 3550 756 3598 eadem-

127 3629 173 3675 que
184 3614 281 3674 proinde
291 3630 359 3676 squae
369 3614 486 3678 quantitas
496 3615 522 3660 in
532 3613 654 3662 defluxum
664 3614 756 3674 impert·

126 3678 198 3734 ditur,
214 3690 238 3726 et
249 3678 369 3739 proptcred
384 3679 447 3727 idem
457 3694 524 3740 squar
534 3678 626 3738 pandus
634 3678 710 3729 fundo
719 3678 756 3725 io-

127 3744 251 3789 cumbitiu
263 3754 363 3805 uuoqm
379 3758 438 3790 vase.
477 3742 595 3796 Quoniam
612 3743 676 3789 euim
693 3751 757 3790 osta·

126 3818 196 3853 recta
207 3822 222 3854 ι
232 3807 319 3855 bmfe
332 3821 350 3852 ιι
372 3806 482 3867 figuraet
492 3807 529 3853 lat
540 3805 670 3853 recunditur
685 3819 757 3868 quam

126 3870 482 3932 aquacataractdillimovetur
497 3879 558 3917 aotoe
575 3879 637 3925 sunt.
659 3869 757 3917 Proble-

127 3934 196 3981 matis
214 3935 300 3982 solutio
315 3944 339 3982 et
354 3934 445 3982 facilior
460 3943 483 3981 et
500 3932 576 3997 magis
593 3932 757 3981 mathematica

128 3998 175 4055 fiet,
196 4000 215 4045 si
232 3999 284 4046 loco
299 3999 359 4046 rasis
372 4000 394 4047 Α
409 4000 431 4045 Β
444 3999 469 4046 D
483 3998 502 4046 C
515 4007 594 4045 mente
603 3997 758 4046 substituatur

127 4077 167 4109 ras
177 4079 191 4109 a
202 4065 217 4110 b
228 4063 244 4110 d
255 4079 275 4110 c.

160 4126 219 4190 (⁸⁸)
233 4128 353 4191 Acqairet.
389 4125 492 4174 Ham
508 4123 579 4188 cupri
594 4124 757 4174 dementatis

126 4199 213 4251 prena

161 4255 221 4318 (Ν)
235 4259 283 4305 Per
292 4257 378 4304 lincam
391 4257 515 4332 obliquam.
552 4254 582 4302 In
592 4254 638 4301 hoc
653 4252 757 4301 mmdo

127 4333 183 4430 qua
201 4335 256 4432 ppt
268 4334 337 4383 aqua
351 4333 394 4380 per
409 4318 483 4367 liam
492 4317 522 4366 ad
535 4317 640 4367 foramen
650 4317 757 4382 obliquas

145 4397 211 4431 escen
230 4400 237 4430 t

128 4448 184 4558 1¹¹(
186 4450 218 4510 ι·
226 4451 257 4498 Ue
267 4447 611 4512 numerumnunerum.
620 4450 690 4496 etos.
699 4445 754 4496 tra

128 4509 175 4573 ··)
161 4576 306 4639 (“)275·*
328 4580 361 4627 Ut
378 4578 528 4625 interuallum
546 4578 609 4624 inter
625 4576 757 4650 tupeqicier

127 4585 296 4690 ΛΜΗ.
331 4640 559 4689 IllestadIG
551 4655 577 4687 ιιι
592 4639 682 4688 radone

85 4731 88 4736 -
127 4702 261 4767 dmptoest
279 4704 387 4754 dimetri
407 4705 431 4753 E
448 4703 470 4752 l?
487 4703 518 4752 ad
536 4703 677 4754 dhmtrm
695 4652 757 4754 ΐΒ
