3098 5534
121 307 198 371 exo
624 386 632 393 ,
654 308 881 375 nnrroms

120 480 338 567 sesquiplicata
352 481 604 548 distantiarum
621 482 698 561 sole,
721 482 997 568 oportetpartium
1018 479 1146 547 vorticis
1169 475 1319 565 periodos
1341 495 1418 541 ean·

115 568 192 669 ilem
207 586 362 653 rationem
376 610 510 655 servare.
557 588 638 655 Inde
656 587 730 654 verb
750 588 900 676 sequitur,
917 588 998 653 vires
1013 585 1202 674 centrilugss
1216 584 1330 651 barum
1344 603 1418 667 par·

118 692 198 759 tium
220 694 287 760 sore
309 696 468 783 reciproce
490 710 526 762 ut
550 698 702 785 quadrata
727 698 955 771 distantiarum,
1000 699 1084 776 Quae
1110 698 1205 786 igitur
1229 696 1348 781 majore
1370 693 1418 756 in·

104 801 251 867 ‘tertullo
273 803 423 869 distante
438 817 558 882 centro,
580 806 723 870 nituntur
747 806 788 871 ab
811 806 923 871 eodem
945 805 1092 870 recedere
1113 807 1235 869 minore
1256 802 1304 867 vi:
1331 798 1419 865 unde

118 910 145 975 ai
173 910 278 979 minda
303 913 411 980 densae
436 912 561 993 fuerint,
589 937 717 981 necesse
743 928 791 981 est
816 928 852 980 nt
879 914 993 979 cedent
1021 913 1052 978 vi
1073 912 1194 999 majori,
1218 909 1281 998 qui
1310 921 1417 994 partes

119 1031 228 1082 centro
253 1019 418 1105 propiores
447 1020 617 1085 ascendere
645 1034 811 1085 conantur.
867 1019 1051 1085 ascendent
1065 1041 1142 1107 ergo
1165 1017 1339 1092 densiores,
1361 1013 1418 1079 de·

119 1125 271 1191 scendent
294 1126 397 1191 minus
413 1126 530 1205 densoe,
556 1141 588 1193 et
613 1127 757 1193 locorum
777 1128 834 1193 fiet
855 1127 990 1192 invicem
1009 1126 1218 1212 permutatio,
1248 1123 1353 1188 donec
1374 1121 1420 1186 ita

117 1231 212 1298 fuerit
226 1233 378 1321 disposita
392 1247 486 1321 atque
501 1233 645 1301 ordinata
666 1236 799 1300 materia
815 1234 913 1300 fluida
926 1235 1021 1299 totius
1036 1233 1173 1311 vorticis,
1196 1244 1232 1296 ut
1253 1229 1419 1316 conquies-

118 1362 190 1406 cere
199 1342 267 1426 jam
278 1341 377 1426 possit
391 1340 424 1404 in
450 1340 626 1428 {equilibrio
646 1343 824 1407 constituta.
870 1343 905 1409 si
917 1343 992 1407 bina
1014 1341 1122 1420 fluida,
1144 1362 1280 1428 quorum
1294 1339 1420 1405 diversa

117 1461 165 1514 est
178 1448 326 1526 densitas,
349 1448 383 1512 in
409 1447 522 1513 eodem
536 1471 609 1514 vase
633 1450 853 1527 continentur;
876 1450 984 1537 utique
1007 1449 1148 1515 futurum
1163 1461 1211 1515 est
1225 1461 1261 1514 ut
1273 1447 1419 1524 fluidum,

118 1556 205 1642 cujus
219 1555 320 1640 major
334 1567 382 1620 est
396 1554 545 1634 densitas,
568 1557 687 1642 majore
702 1557 733 1621 vi
746 1558 907 1646 gravitatis
921 1557 1065 1622 infimum
1079 1569 1167 1642 petat
1180 1556 1304 1621 locume
1326 1567 1360 1621 et
1369 1578 1421 1620 ra·

117 1664 203 1731 tione
217 1688 283 1731 nou
298 1666 434 1731 absimili
448 1667 579 1733 omnini>
590 1668 761 1733 dicendum
781 1682 841 1746 est,
864 1668 1026 1734 densiores
1041 1668 1167 1733 vorticis
1181 1679 1287 1752 partes
1300 1667 1422 1751 mq'ore

117 1772 149 1837 vi
163 1772 336 1863 centrifugi
351 1787 459 1859 petere
474 1796 657 1861 supremum
673 1775 787 1840 locum.
833 1775 918 1840 Tota
931 1775 1027 1863 igitur
1041 1774 1096 1839 illa
1114 1786 1147 1839 et
1160 1772 1261 1839 multo
1282 1772 1422 1838 maxima

117 1903 191 1975 pars
214 1883 352 1961 vorticis,
377 1906 448 1970 quoe
467 1885 552 1970 jacet
578 1884 668 1949 extri
682 1884 802 1951 telluris
829 1885 949 1963 orbem,
973 1885 1160 1951 densitatem
1175 1885 1303 1951 babebit
1327 1898 1422 1970 atque

117 1987 199 2055 adeb
213 1989 278 2053 viru
292 1989 415 2055 inertie
429 2012 489 2075 pro
504 1989 588 2056 mole
603 1991 754 2070 materia,
771 2013 845 2078 quae
867 2013 933 2056 non
955 1993 1059 2056 minor
1081 1993 1142 2056 erit
1162 1989 1260 2077 quim
1280 1990 1422 2055 densitas

119 2110 152 2164 et
174 2097 220 2161 vis
235 2097 358 2163 inertias
373 2096 511 2162 tellurisz
536 2097 611 2163 inde
626 2098 703 2164 verb
717 2100 848 2165 cometis
862 2098 999 2184 mnjectis
1014 2099 1133 2165 orietur
1147 2099 1259 2186 ingens
1274 2098 1423 2164 resisten-

120 2206 173 2283 tia,
197 2217 229 2269 et
244 2203 335 2270 valde
356 2204 528 2270 admodum
549 2205 725 2285 sensibilis;
747 2228 789 2271 ne
803 2206 917 2285 dicam,
941 2229 1012 2293 quae
1034 2220 1156 2272 motum
1177 2206 1352 2271 eorundem
1365 2229 1422 2292 pe·

118 2313 204 2383 nittls
216 2316 325 2381 sistere
341 2328 434 2403 atque
456 2315 627 2382 absorbere
645 2338 740 2401 posse
761 2315 875 2381 merito
897 2316 1049 2383 videatur.
1097 2317 1231 2382 Constat
1252 2330 1359 2382 autem
1379 2337 1422 2383 ex

119 2439 208 2511 motu
223 2436 417 2489 cometarum
431 2420 561 2508 proretis
576 2423 724 2511 regulari,
746 2423 864 2489 nullam
884 2424 971 2510 ipsos
986 2424 1192 2491 resistentiam
1204 2426 1270 2509 pati
1284 2446 1357 2511 quoe
1371 2423 1423 2490 vel

120 2529 286 2625 minimdm
305 2527 413 2596 sentiri
427 2542 550 2614 potest3
572 2543 666 2616 atque
677 2531 758 2595 adeo
773 2532 956 2617 neutiquam
975 2531 1009 2597 in
1023 2533 1186 2599 materiam
1201 2532 1299 2598 ullam
1313 2534 1421 2598 incur·

121 2667 201 2722 sare,
225 2646 313 2730 cujus
328 2644 483 2731 aliquasit
497 2644 543 2707 vis
566 2643 741 2721 resistendi,
765 2643 814 2707 vel
838 2643 972 2727 proinde
997 2645 1086 2728 cujus
1105 2643 1211 2730 aliqua
1225 2645 1266 2710 sit
1283 2645 1424 2711 densitas

122 2778 178 2821 seu
192 2756 239 2819 vis
254 2754 385 2820 inertioe.
430 2754 515 2819 Nam
530 2753 706 2818 resistentia
728 2752 904 2817 mediorum
924 2754 1024 2818 oritur
1038 2753 1088 2817 vel
1102 2754 1143 2819 ab
1155 2753 1269 2818 inertia
1282 2755 1423 2818 materiae

121 2862 239 2941 lluidre,
263 2864 312 2928 vel
327 2886 346 2928 a
360 2861 486 2928 defectu
499 2861 696 2926 lubricitatis.
741 2859 826 2937 Quae
840 2861 940 2925 oritur
962 2883 982 2923 a
1000 2859 1124 2925 defectu
1147 2861 1342 2936 lubricitatis,
1366 2863 1424 2927 ad·

123 2968 253 3034 modum
267 2968 384 3057 exigua
405 2981 469 3045 est3
492 2980 524 3033 et
546 2964 621 3032 sane
642 2966 696 3030 vix
717 2964 878 3031 observari
899 2979 1003 3049 potest
1023 2967 1057 3032 in
1078 2967 1186 3033 fluidis
1208 2967 1304 3056 vulgd
1327 2970 1423 3047 notis,

123 3060 183 3145 nisi
199 3079 290 3145 valde
310 3080 432 3146 tenacia
453 3078 570 3143 fuerint
589 3077 629 3142 ad
653 3078 752 3142 instar
767 3075 829 3140 olei
849 3088 881 3140 et
895 3076 1007 3141 mellis.
1054 3077 1244 3142 Resistentia
1265 3100 1337 3164 quoe
1352 3101 1425 3145 sen·

126 3189 335 3270 titurinae're,
354 3213 446 3277 aqua,
469 3187 678 3275 hydrargyro,
701 3199 734 3251 et
754 3185 935 3271 hujusmodi
956 3186 1061 3250 fluidis
1084 3209 1149 3250 non
1171 3186 1333 3253 tenacibus
1359 3188 1425 3255 ferti

124 3313 190 3366 tota
209 3315 255 3365 est
270 3298 384 3385 prioris
398 3296 523 3387 generis
531 3319 542 3372 3
567 3307 600 3361 et
613 3294 713 3360 minui
727 3316 792 3358 non
806 3305 910 3379 potest
923 3315 980 3378 per
1002 3293 1183 3359 ulteriorem
1205 3317 1425 3383 quemcunque

124 3406 260 3496 gradum
282 3404 471 3481 subtilitatis,
494 3413 640 3468 manente
660 3400 749 3465 fluidi
767 3400 922 3466 densitate
943 3400 994 3464 vel
1017 3401 1048 3464 vi
1069 3402 1201 3480 inertie,
1224 3402 1275 3467 cui
1297 3423 1425 3487 semper

124 3513 368 3599 proportionalis
390 3526 437 3578 est
451 3511 520 3575 haec
541 3509 735 3585 resistentia3
758 3509 1024 3596 quemadmodum
1039 3509 1209 3575 clarissime
1227 3510 1426 3577 demonstra·

126 3636 194 3686 tum
208 3632 256 3685 est
270 3618 310 3684 ab
325 3632 452 3684 auctore
466 3630 576 3683 nostro
589 3617 622 3680 in
634 3617 820 3705 peregregia
834 3618 1080 3683 resistentiarum
1095 3618 1227 3696 theoriis,
1241 3642 1314 3707 quoe
1327 3622 1427 3706 paulo

127 3753 212 3797 nunc
233 3726 409 3795 accuratids
423 3727 602 3813 exponitur,
618 3725 678 3791 hac
692 3725 830 3790 secundi
852 3726 930 3804 vice,
943 3740 975 3792 et
993 3748 1051 3812 per
1071 3728 1288 3812 experimenta
1311 3751 1426 3815 corpo-

128 3862 202 3904 rum
216 3837 396 3905 cadentium
409 3833 535 3921 pleniris
557 3833 772 3900 confirmatur.

173 3949 318 4035 Corpora
331 3942 564 4033 progrediendo
578 3956 699 4009 motum
713 3966 806 4009 suum
820 3943 919 4009 fluido
941 3944 1090 4009 ambienti
1111 3946 1262 4030 paulatim
1284 3927 1426 4013 cominu-

129 4060 245 4136 nicant,
268 4071 301 4123 et
323 4052 586 4121 communicando
609 4052 766 4131 amittunt,
786 4050 960 4116 emittendo
985 4064 1091 4117 autem
1111 4053 1320 4118 retardantur.
1367 4055 1429 4120 Est

129 4165 234 4251 itaque
249 4162 418 4229 retardatio
431 4159 531 4224 motui
546 4160 779 4223 communicato
793 4158 1035 4243 proportionalis
1043 4182 1053 4237 3
1075 4172 1180 4223 motus
1195 4182 1270 4224 vero
1285 4183 1429 4226 commu·

131 4272 260 4347 tricatus,
277 4271 331 4335 ubi
346 4269 440 4335 datur
462 4266 602 4351 corporis
624 4265 854 4354 progredientis
870 4265 1027 4345 velocitas,
1044 4280 1141 4331 estut
1159 4267 1248 4333 fluidi
1268 4269 1428 4349 densitas3

131 4401 208 4467 ergo
226 4376 397 4442 retardatio
411 4398 467 4443 seu
482 4374 657 4439 resistentia
678 4374 739 4439 erit
759 4385 795 4437 ut
816 4373 926 4439 eadem
947 4374 1037 4438 fluidi
1057 4374 1212 4453 densitaa3
1235 4399 1337 4465 neque
1361 4379 1431 4444 ullo

133 4497 227 4572 paeto
241 4482 308 4549 tolli
323 4496 438 4569 potest,
454 4481 514 4548 nisi
528 4479 661 4547 alluido
674 4479 717 4546 ad
737 4492 844 4566 partes
858 4482 999 4566 eorporis
1013 4481 1149 4566 posticas
1173 4496 1354 4550 recurrente
1377 4508 1430 4553 re·
