3098 5534
113 416 225 482 Lraaa
242 417 406 499 sacrun]
439 418 678 484 PRINCIPIA
702 417 1074 485 MATHEMATIOA.
1334 426 1397 487 22³

111 589 220 652 lamna
237 588 263 653 P
279 589 316 652 H
332 590 521 666 Qconvexa
542 591 601 654 erit
621 612 728 656 versus
743 604 937 670 cataractam,
965 605 996 657 et
1016 605 1184 677 propterea
1197 592 1297 677 major
1317 606 1399 657 cono

113 699 201 781 cujus
227 697 309 759 basis
333 709 380 759 est
402 697 543 760 circellus
565 697 618 762 ille
643 699 668 760 P
684 698 717 774 Q
738 711 770 762 et
791 698 922 762 altitudo
938 699 971 762 G
987 699 1035 776 H,
1058 698 1091 762 id
1107 709 1163 774 est,
1187 699 1286 782 major
1307 696 1400 786 tertii

112 820 202 890 parte
217 807 349 892 cylindri
363 808 473 871 eidem
488 809 563 871 base
577 821 609 870 et
624 807 786 871 altitudine
801 808 958 892 descripti.
1005 809 1144 873 Sustinet
1165 806 1268 871 autern
1285 789 1399 869 'circ'el-

112 914 161 976 lus
176 913 228 976 ille
244 915 366 997 pondus
390 914 481 998 hujus
503 914 667 990 columma,
692 913 803 992 idest,
830 914 954 997 pondua
980 914 1064 1001 quod
1087 883 1228 998 iondere
1250 913 1321 976 coni
1339 933 1399 978 ceu

112 1022 212 1086 tertiae
227 1021 323 1104 partis
339 1021 471 1106 cylindri
485 1021 568 1083 illius
582 1023 681 1110 majus
696 1032 751 1084 est.

158 1131 256 1194 Corol.
273 1139 303 1193 8.
350 1129 479 1192 Pondus
505 1150 594 1213 aquae
619 1150 713 1213 quam
736 1127 880 1191 circellus
905 1128 996 1192 valde
1017 1151 1131 1213 parvus
1155 1131 1183 1195 P
1199 1131 1232 1207 Q
1256 1129 1397 1208 sustinet,

112 1240 215 1303 minus
230 1264 297 1304 esse
311 1240 435 1305 videtur
450 1239 589 1324 pondere
605 1239 738 1304 duarum
752 1239 913 1303 tertiarum
928 1240 1064 1324 partium
1080 1240 1212 1326 cylindri
1235 1261 1324 1325 aquoe
1344 1260 1399 1304 cu-

107 1348 160 1430 jus
174 1347 257 1410 basis
273 1359 320 1409 est
335 1346 476 1410 circellus
491 1346 543 1410 ille
558 1357 590 1409 et
604 1345 735 1410 altitudo
751 1359 798 1409 est
814 1345 851 1409 H
868 1346 910 1410 G.
931 1346 1025 1408 'Nam
1040 1346 1191 1410 stantibus
1201 1349 1268 1430 jam
1278 1345 1398 1430 positia,

112 1456 247 1519 describi
262 1456 453 1542 intelligatur
468 1456 632 1519 dimidium
647 1455 832 1541 sphaeroidis
848 1457 935 1540 cujus
958 1455 1040 1518 basis
1062 1469 1109 1520 est
1130 1457 1270 1520 circellus
1294 1455 1347 1520 ille
1368 1465 1402 1519 et
1473 1460 1480 1466 “

112 1568 270 1630 semi-axis
286 1567 350 1629 sive
366 1565 497 1629 altitudo
513 1578 559 1629 est
576 1566 612 1629 H
629 1566 671 1630 G.
717 1566 756 1648 (q)
780 1564 823 1628 Et
844 1563 913 1626 haec
935 1563 1038 1650 ligura
1050 1564 1179 1650 aequalis
1196 1567 1256 1630 erit
1277 1565 1407 1629 duabus.

112 1676 209 1739 tertiis
224 1675 364 1759 partibus
380 1675 512 1759 cylindri
528 1674 609 1737 illius
624 1686 655 1737 et
669 1671 914 1758 comprehendet
928 1673 1102 1736 columnam
1123 1697 1213 1759 aquae
1227 1673 1401 1761 congelata

114 1785 141 1846 P
158 1785 193 1846 H
211 1783 243 1857 Q
268 1783 355 1864 cujus
380 1780 504 1864 pondus
528 1779 669 1843 circellus
693 1780 745 1843 ille
771 1781 910 1844 sustinet
956 1779 1040 1843 Nam
1063 1794 1098 1845 ut
1122 1794 1226 1845 motus
1248 1803 1338 1866 aqum
1359 1780 1403 1843 ait

111 1888 247 1953 maxime
270 1887 415 1963 directus,
440 1887 593 1950 columnae
608 1886 689 1949 illius
705 1886 884 1970 superficies
899 1899 1030 1950 externa
1048 1903 1217 1952 concurret
1234 1911 1312 1952 cum
1332 1887 1402 1952 basi

114 1998 141 2059 P
158 1995 190 2069 Q
207 2000 243 2077 (Γ)
259 1994 291 2054 in
307 1991 423 2077 angulo
437 1991 580 2054 nonnihil
595 2004 696 2069 acuto,
711 2003 878 2076 propterea
894 1991 979 2076 quod
994 2015 1076 2076 aqua
1090 1993 1231 2057 cadendo
1245 1991 1402 2076 perpetui

112 2104 301 2168 acceleratur
315 2115 346 2165 et
360 2114 489 2185 propter
503 2099 756 2164 accelerationem
771 2101 809 2164 fit
822 2100 963 2175 tenuior3
989 2113 1021 2164 et
1043 2100 1116 2164 crim
1130 2101 1264 2188 angulus
1284 2100 1340 2164 ille
1361 2099 1403 2163 sit

112 2224 198 2276 recto
213 2211 324 2286 minor,
347 2209 416 2270 haec
438 2208 583 2272 columna
596 2193 637 2271 ad
651 2207 812 2271 inferiores
826 2207 892 2290 ejus
906 2218 1010 2290 partes
1032 2209 1068 2291 (¹)
1079 2207 1195 2292 jacebit
1209 2208 1291 2271 intra
1303 2206 1402 2270 dimi·

113 2321 201 2382 dium
228 2318 421 2403 sphaeroidis.
468 2322 503 2404 (²)
522 2321 642 2385 Eadem
668 2321 744 2384 verd
767 2342 889 2384 sursum
911 2334 1002 2384 acuta
1016 2322 1075 2384 erit
1090 2344 1144 2385 seu
1167 2321 1338 2406 cuspidata,
1360 2342 1404 2387 ne

114 2429 313 2493 horizontalis
329 2442 431 2494 motas
447 2452 537 2517 aqaae
551 2431 592 2495 od
606 2432 755 2497 verticem
771 2429 955 2515 sphaeroidis
969 2431 1010 2495 sit
1023 2429 1143 2495 infinite
1158 2431 1294 2495 velocior
1303 2428 1403 2518 ,quam

116 2623 140 2670 P
153 2622 285 2678 Qaustiuet
296 2624 512 2685 ponduacolumnae
524 2640 591 2688 aqua
603 2625 625 2673 P
636 2626 664 2673 H
678 2625 709 2681 Q,
720 2625 746 2673 id
778 2625 870 2688 turmali
890 2626 918 2674 H
932 2626 955 2674 G
974 2626 1032 2674 PX
1068 2626 1171 2686 enitum;
1194 2626 1258 2676 unde
1276 2629 1328 2690 (per
1342 2627 1401 2679 θα.

117 2697 159 2742 est,
172 2687 264 2747 pondus
273 2688 337 2749 quod
348 2690 425 2751 majua
436 2699 471 2738 eat
481 2689 582 2750 pondere
594 2691 667 2736 tertie
675 2690 746 2749 partia
779 2690 847 2737 Lem.
863 2690 910 2737 lv.
929 2690 981 2737 Lib.
997 2689 1032 2751 1.)
1051 2643 1245 2752 ienusphaertum
1264 2707 1293 2738 ex
1312 2691 1403 2740 revolu-

118 2751 217 2812 cylindvi
228 2767 294 2812 aqua
309 2753 380 2814 cujus
393 2754 453 2800 baria
469 2764 503 2800 eat
519 2754 626 2802 circellua
646 2755 667 2802 P
680 2754 706 2809 0,
721 2762 746 2801 et
778 2754 842 2802 tione
852 2754 987 2817 quadrando
996 2755 1078 2802 circuli
1090 2756 1117 2802 H
1131 2755 1155 2802 R
1169 2757 1185 2803 S
1198 2755 1227 2806 G,
1238 2755 1352 2817 genitum,
1366 2764 1404 2804 α

117 2815 217 2862 altitudo
230 2816 253 2863 G
267 2816 301 2862 H.
774 2818 804 2865 ad
814 2818 1029 2878 hemisphaeroidem
1045 2834 1072 2865 ex
1090 2819 1203 2866 rotatione
1218 2820 1352 2882 quadrantis
1367 2818 1403 2867 el·

152 2879 188 2943 (⁴³)
202 2882 214 2909 ⁸
228 2882 263 2927 Et
275 2883 407 2946 loecfigura
418 2885 512 2945 aqualis
522 2883 571 2937 erit,
583 2882 625 2928 &a
657 2881 744 2930 canuc
775 2881 859 2941 lipaeoa
872 2882 898 2928 H
912 2882 936 2929 N
947 2882 968 2928 Ρ
981 2882 1004 2928 G
1015 2883 1039 2928 iu
1050 2880 1132 2929 eidem
1143 2882 1240 2930 ratione·
1260 2883 1323 2931 Cum
1330 2881 1404 2946 igitur

120 2943 152 3000 G,
173 2953 196 2989 et
217 2943 369 2993 aemi-aribua
386 2946 515 3009 conjugatis
539 2947 563 2994 G
581 2946 608 2992 H
627 2956 649 2993 et
668 2946 694 2993 G
712 2945 741 3002 P,
775 2946 963 3006 hemispherium
974 2946 1186 3007 sitadcylindrum
1202 2947 1403 3008 circumscripurm

119 3006 261 3054 deacribatur
271 3009 377 3069 ellipscoa
386 3008 501 3070 quadram
515 3010 540 3056 H
554 3009 578 3056 N
591 3009 619 3063 Ρ,
632 3018 655 3057 et
665 3019 744 3057 centro
776 3018 803 3056 ut
815 3014 830 3056 2
841 3008 870 3055 ad
880 3015 897 3056 3
909 3013 975 3072 (170.
991 3009 1045 3057 Lib.
1062 3010 1112 3070 11.)
1125 3011 1168 3057 erit
1178 3012 1249 3057 etiam
1264 3011 1404 3072 hemisph-

117 3072 199 3118 eodcm
214 3072 236 3117 G
246 3087 272 3119 ac
282 3073 347 3119 radio
360 3074 383 3120 G
395 3074 421 3120 H
432 3074 512 3120 circuli
523 3072 639 3135 quadrans
647 3073 674 3120 H
686 3073 743 3130 RS,
777 3073 823 3120 roia
833 3073 863 3120 ad
873 3073 1006 3134 cylindrum
1022 3074 1222 3134 circumscriptum
1238 3074 1279 3135 qui
1290 3090 1331 3134 per
1342 3083 1403 3122 rott-

118 3135 463 3199 oompleanturqueractangula
473 3137 741 3186 HGPXetHGSZ.
775 3137 862 3185 donem
871 3137 999 3200 moranguli
1009 3138 1036 3185 H
1048 3139 1071 3185 G
1082 3138 1103 3185 P
1113 3137 1404 3201 xgenaraturnnatdm

120 3197 228 3247 Ducatur
238 3199 263 3245 in
274 3200 361 3248 circulo
368 3201 477 3249 ordinata
487 3201 575 3264 quaevia
588 3200 612 3248 R
621 3202 658 3259 Μ,
669 3201 744 3264 ellipai
775 3200 864 3248 ratione
874 3206 889 3247 2
900 3200 961 3249 ads.
997 3201 1029 3256 Q.
1041 3217 1062 3249 e.
1076 3200 1099 3249 d.

810 3280 843 3344 (¹)
856 3284 869 3309 ⁹
881 3283 1116 3342 Inungulononvriiil
1123 3290 1196 3330 cereto.
1220 3281 1283 3328 Nam
1291 3279 1404 3343 quemad·

778 3344 875 3392 modurn
887 3344 988 3406 angulus
997 3359 1067 3406 quern
1079 3354 1199 3392 cataracta
1212 3346 1235 3391 A
1246 3345 1267 3392 B
1279 3346 1303 3392 N
1314 3344 1334 3391 F
1342 3344 1365 3392 n
1375 3343 1405 3391 Μ

780 3408 912 3468 auperficiea
929 3418 1024 3455 externa
1046 3411 1068 3455 n
1081 3408 1110 3455 Μ
1123 3409 1155 3465 Ε,
1176 3409 1233 3456 ΒΝ
1248 3409 1268 3455 F
1284 3423 1339 3455 cum
1354 3406 1406 3455 bad

782 3472 845 3526 ΟΕ,
868 3472 893 3518 D
907 3471 927 3518 F
942 3472 1069 3528 constituit,
1088 3481 1124 3519 cat
1138 3488 1228 3532 tempor
1244 3481 1334 3528 acutua,
1350 3470 1406 3534 quia

781 3551 841 3598 aqua
856 3535 962 3582 cadendo
978 3551 1068 3596 semper
1086 3536 1226 3584 acceleratur
1242 3536 1331 3598 (272).
1366 3535 1407 3582 su

780 3599 857 3656 etiam,
875 3602 905 3646 ob
921 3599 1153 3656 eandemratiouem,
1172 3601 1289 3648 columna
1307 3599 1368 3647 PH
1381 3599 1409 3654 Q

781 3663 913 3724 auperiiciea
931 3674 1026 3710 externa
1042 3674 1163 3711 concurret
1178 3680 1233 3712 curn
1244 3664 1292 3711 basi
1306 3662 1328 3709 Ρ
1340 3663 1366 3718 Q
1380 3662 1407 3710 ia

781 3727 1065 3836 anyuloacutoHPQ,
1080 3728 1107 3775 H
1121 3727 1185 3782 QP.
1223 3724 1407 3783 Quiarerdcir·
1448 3768 1451 3775 .

782 3807 812 3838 cu
820 3806 836 3837 c
849 3791 1064 3848 PQevaneacente,
1076 3808 1117 3839 acu
1128 3791 1274 3840 coincideute
1287 3791 1312 3837 H
1324 3790 1408 3838 Pcurn

781 3870 825 3901 aaa
838 3855 864 3901 H
878 3855 909 3909 G,
921 3855 1024 3917 angulus
1034 3856 1074 3904 illa
1087 3856 1113 3902 H
1127 3854 1148 3902 P
1162 3857 1185 3903 G
1197 3867 1274 3903 rectua
1284 3853 1409 3911 evaditeal

782 3918 1113 3980 circuluaeatvalddpartua3
1130 3920 1232 3982 angolua
1250 3917 1348 3966 HPG
1364 3916 1408 3966 ait

782 3982 830 4032 tera
840 3992 918 4030 rectua
928 3998 969 4031 aeu
981 3983 1086 4030 nonnihil
1097 3995 1188 4031 acutus.
1258 4032 1262 4041 ,

815 4070 847 4136 (')
859 4072 945 4121 Jacette
958 4071 1024 4120 iatrd
1040 4074 1160 4119 diaridiuvr
1171 4072 1309 4132 aphar-cidit·
1345 4066 1409 4123 Qui·

784 4137 823 4198 (er
835 4134 918 4182 naturt
928 4133 1045 4195 ellipseos)
1057 4134 1082 4181 in
1092 4134 1138 4196 qui
1146 4143 1268 4197 tangentes
1278 4147 1319 4193 per
1329 4132 1410 4179 aaiutu

784 4198 879 4245 vertices
897 4199 974 4247 ductoe
990 4199 1090 4257 anguloa
1105 4208 1179 4245 rectos
1190 4213 1244 4245 cum
1256 4197 1338 4244 aribua
1353 4209 1408 4242 coar·

120 4299 245 4333 m,
255 4285 280 4331 in
294 4284 325 4342 N,
343 4283 387 4332 “it
404 4285 429 4331 R
441 4283 471 4333 Μ
481 4282 512 4331 ‚d
525 4283 550 4332 N
562 4283 599 4341 M,
616 4284 641 4330 iu
652 4283 752 4333 Mm-
784 4263 891 4338 atituuut
904 4263 1038 4338 aphoeroidiu
1046 4262 1177 4324 aupericlea
1185 4277 1240 4309 cum
1248 4259 1340 4308 circello
1349 4259 1409 4316 PQ.

121 4347 751 4412 tionaSGadPG(2⁴7.Liu1.)etpropterdai
784 4327 1116 4390 concumtmanguumu
1275 4327 1278 4343 '

120 4412 205 4476 figura
216 4412 263 4460 illa
273 4411 334 4460 circi
344 4428 412 4459 arem
425 4412 452 4459 H
463 4411 490 4459 G
505 4412 661 4468 revolvantur,
677 4413 752 4461 circu·
817 4411 850 4476 (³)
865 4415 877 4440 ⁹
891 4413 980 4460 Eadem
997 4412 1047 4461 aeri
1066 4429 1161 4462 rursum
1177 4420 1246 4460 acuta
1262 4413 1311 4461 erit·
1347 4407 1412 4461 Criu

121 4476 160 4524 lua
169 4493 240 4540 quem
252 4476 332 4525 radica
344 4477 372 4523 M
387 4477 410 4523 R
421 4476 446 4522 in
457 4475 502 4523 tte
513 4476 656 4523 revolutione
667 4476 753 4526 deacri-
786 4476 848 4524 anim
868 4486 943 4536 partes
959 4492 1026 4537 aqna
1037 4475 1124 4536 duplici
1135 4487 1201 4523 motu
1212 4477 1316 4522 ciaannar
1331 4473 1357 4523 iu
1374 4473 1411 4532 H.

122 4543 169 4597 bet,
186 4542 230 4589 erit
241 4541 271 4589 ad
282 4541 397 4589 circulmn
413 4540 479 4587 radic
493 4540 521 4587 M
536 4539 559 4586 N
571 4540 713 4600 deacripturu
730 4541 754 4588 iu
787 4540 834 4587 alio
845 4539 946 4587 verticali
957 4542 998 4603 qui
1015 4540 1081 4600 lapan
1093 4556 1133 4598 per
1143 4538 1291 4588 altitudinem
1304 4538 1316 4586 i
1330 4537 1357 4585 H
1373 4551 1413 4586 ac·

121 4603 178 4653 dati
196 4605 286 4653 ratione
305 4605 380 4652 SG¹
398 4603 429 4651 ad
448 4603 506 4651 PG
518 4605 539 4661 ¹,
558 4619 599 4651 aau
611 4605 635 4650 in
647 4604 702 4652 dati
719 4621 756 4652 ra·
788 4603 895 4667 quiritur,
907 4604 1322 4668 aliohoriaontaliquoparaeaaqua
1334 4600 1413 4650 adra·

122 4668 377 4732 donaqliudriquem
393 4667 558 4732 anangulum
575 4668 602 4716 Η
617 4669 703 4716 Gsz
718 4684 756 4717 ro·
788 4665 1225 4718 taractami'ormaudamadaemutud
1239 4665 1361 4723 madunt,
1376 4663 1414 4712 ati

18 4755 33 4785 a
123 4733 196 4783 tando
211 4731 507 4796 dnuibitadcyliadrora
525 4731 691 4802 egrotatioae
706 4746 757 4784 rec-
788 4730 980 4797 mpriaaticu.
995 4724 1414 4797 turcanae-uatium&
