3098 5534
181 373 246 431 ata
507 358 849 429 Pttnrosorfflta
872 357 1149 426 uenturus
1213 352 1510 438 [neaeman

183 549 306 602 constat
325 535 411 622 quid
431 536 589 622 quantitas
611 558 711 621 aquae,
737 556 810 620 quae
830 554 889 618 per
910 532 1050 598 foramen
1070 530 1236 596 circulare
1250 531 1291 594 in
1308 526 1421 594 tundo
1434 524 1510 591 rasis

108 674 113 683 ·
182 646 309 723 factum
325 645 401 710 dato
415 658 557 730 tempore
571 644 679 722 effluit,
695 667 733 708 ea
748 645 788 708 sit
802 665 874 730 quae
887 665 961 707 cum
975 642 1137 707 velocitate
1152 638 1344 726 proedictfi,
1370 660 1439 705 non
1459 658 1510 721 per

181 753 323 818 foramen
338 751 426 829 illud,
443 751 499 816 sed
511 774 570 836 per
584 751 724 816 summm
739 752 899 829 circulare,
916 753 1003 836 cujus
1011 750 1165 814 diameter
1178 763 1234 815 est
1250 749 1300 813 ad
1318 749 1509 813 diametrum

180 861 341 927 foraminis
366 862 450 926 tilius
475 876 511 926 ut
532 870 570 925 st
598 862 640 926 ad
662 870 714 939 25,
741 862 851 926 eodem
875 873 1016 945 tempore
1038 859 1168 924 effluere
1193 858 1317 923 debet.
1370 858 1509 943 Ideoque

181 992 263 1058 aqua
276 969 330 1032 illa
346 968 474 1033 effluens
488 969 684 1032 velocitatem
704 968 799 1033 habet
813 968 961 1032 deorsum
975 969 1008 1030 in
1022 968 1091 1050 ipso
1107 966 1276 1030 foramine
1293 989 1402 1053 quam
1418 988 1509 1053 gnte

181 1065 325 1141 cadetrdo
340 1089 372 1140 et
386 1098 460 1139 casu
475 1097 532 1138 suo
557 1075 597 1160 (l)
612 1074 821 1138 describendo
840 1074 1004 1138 dimidiam
1023 1073 1232 1138 altitudinem
1249 1097 1358 1160 aquae
1382 1075 1417 1137 in
1439 1096 1506 1137 vase

181 1186 353 1272 smgnantis
368 1185 527 1269 acquirere
541 1195 646 1267 potest
660 1183 911 1269 quamproxime.
958 1183 1022 1250 Sed
1041 1197 1218 1268 postquam
1233 1184 1349 1247 exivit
1365 1206 1410 1248 ex
1425 1204 1503 1258 rasa,

181 1295 373 1359 acceleratur
389 1293 608 1380 convergendo
623 1293 724 1357 donec
738 1294 779 1356 ad
794 1293 972 1356 distantiam
987 1291 1167 1356 aforamine
1184 1292 1364 1356 diametro
1380 1292 1503 1356 forami·

181 1403 231 1467 nis
245 1424 344 1486 prope
359 1401 511 1487 aequalem
525 1403 712 1486 pervenerit,
729 1402 972 1477 etvelocitatem
992 1401 1193 1487 acquisiverit
1207 1403 1381 1487 majorem
1403 1404 1437 1465 in
1459 1424 1504 1464 ra-

181 1512 267 1576 tione
282 1509 496 1594 subduplicutir
513 1510 626 1574 binarii
640 1510 681 1574 ad
697 1511 847 1575 unitatem
861 1509 1002 1585 circitar3
1022 1529 1116 1593 quam
1131 1509 1249 1594 utique
1263 1531 1377 1596 grave
1392 1508 1500 1572 caden-

182 1620 235 1698 do,
262 1632 294 1684 et
315 1642 389 1683 casu
412 1641 469 1682 suo
491 1619 697 1684 describendo
719 1633 817 1684 totam
839 1619 1035 1684 altitudinem
1053 1640 1145 1705 aquoe
1160 1619 1197 1682 iu
1214 1641 1297 1684 vase
1314 1618 1497 1707 stagnantis,

183 1728 344 1816 acquirere
359 1740 462 1812 potest
475 1727 722 1813 quamproxime.

229 1837 483 1924 Insequentibus
505 1837 600 1923 igitur
622 1837 773 1902 diameter
799 1859 888 1901 vente

183 1944 365 2032 designetur
378 1966 435 2028 per
445 1943 587 2006 foramen
602 1943 679 2006 illud
688 1944 792 2007 minus
802 1942 888 2029 quod
946 1962 958 1978 ⁴

183 2051 363 2115 vocavimus
394 2050 423 2112 E
448 2049 484 2113 F.
530 2049 573 2113 Et
601 2053 697 2136 plano
725 2053 887 2118 foraminis

186 2159 215 2224 Ε
228 2158 451 2244 Fparallelum
464 2157 538 2223 duci
551 2158 743 2247 intelligatur
757 2160 886 2244 planum

184 2266 269 2330 aliud
291 2267 434 2351 superius
450 2267 482 2330 V
498 2267 547 2330 W
561 2266 603 2330 ad
625 2266 801 2330 distantiam
817 2267 886 2331 dia·

183 2387 285 2439 metro
299 2374 460 2438 foraminis
482 2374 635 2459 aequalem
657 2373 779 2438 circiter
793 2387 826 2438 et
839 2373 886 2437 fo-

183 2483 303 2548 ramine
316 2484 434 2567 majore
452 2483 476 2548 S
491 2482 522 2546 T
536 2495 718 2566 pertusum
735 2482 886 2568 perquod

184 2592 292 2676 utique
314 2612 394 2653 vena
417 2589 518 2666 cadat,
545 2612 617 2675 quae
641 2590 803 2676 adoequatd
826 2592 885 2654 im·

182 2699 268 2785 pleat
282 2701 425 2764 foramen
447 2700 575 2764 inferius
599 2699 629 2762 E
645 2699 681 2775 F,
704 2712 797 2785 atque
813 2698 887 2763 idai>

182 2809 270 2891 cujus
293 2807 445 2871 diameter
467 2808 508 2871 sit
529 2806 570 2871 ad
594 2805 781 2870 diametrum
803 2805 886 2870 fora·

181 2914 273 2976 minis
289 2912 440 2976 inferioris
457 2927 490 2976 ut
506 2921 546 2978 25
562 2913 603 2977 ad
618 2921 655 2976 tt
676 2914 807 2977 circiter.
855 2913 907 2978 Sic
921 2914 1005 2978 enim
1020 2935 1099 2978 rena
1112 2934 1170 3000 per
1184 2913 1337 2980 foramen
1362 2917 1482 2981 inferius

180 3020 480 3106 perpendiculariter
494 3023 654 3096 transibit3
677 3035 709 3086 et
723 3023 878 3107 quantitas
894 3044 984 3108 aquae
998 3023 1161 3101 effluentis,
1185 3046 1249 3108 pro
1263 3028 1482 3116 magnitudine

182 3129 341 3192 foraminis
357 3128 457 3213 hujus,
480 3153 516 3193 aa
531 3131 590 3193 crit
605 3154 698 3215 quam
714 3132 826 3194 solutio
844 3132 1050 3196 Problematis
1065 3134 1202 3217 postulat
1226 3139 1480 3221 quamproxime.

183 3236 325 3320 Spatium
340 3234 424 3311 verti,
449 3236 533 3320 quod
555 3236 655 3318 planis
679 3236 801 3299 duobus
817 3250 848 3299 et
864 3237 941 3300 venti
958 3238 1086 3301 cadente
1109 3238 1279 3317 clauditur,
1311 3264 1375 3326 pro
1390 3244 1481 3306 fundo

181 3344 262 3406 vasis
285 3342 393 3405 haberi
418 3356 530 3426 potest.
578 3344 640 3408 Sed
664 3358 698 3407 ut
719 3344 833 3408 solutio
856 3347 1063 3411 Problematis
1085 3349 1259 3432 simplicior
1278 3353 1324 3415 sit
1341 3369 1374 3417 et
1388 3357 1480 3438 nugis

182 3448 408 3523 mathematica,
432 3462 559 3531 praestat
574 3449 722 3513 adhibere
737 3451 866 3533 planum
881 3453 980 3515 solum
997 3452 1123 3517 inferius
1139 3476 1198 3537 pro
1215 3455 1321 3520 fundo
1339 3462 1432 3536 vasis,
1454 3476 1481 3522 et

182 3559 301 3643 fingere
316 3558 399 3642 quod
416 3582 496 3643 aqua
511 3582 581 3644 quae
596 3582 652 3642 per
665 3560 797 3646 glaciem
814 3583 871 3624 ceu
893 3583 950 3644 per
972 3561 1201 3625 infundibulum
1223 3564 1400 3646 defluebat,
1423 3583 1480 3630 etc

182 3691 253 3731 vase
280 3691 335 3752 per
359 3668 498 3733 foramen
526 3670 600 3733 EF
626 3672 658 3732 in
680 3671 776 3755 plano
795 3671 941 3734 inferiore
962 3670 1078 3734 factum
1100 3671 1339 3758 egrediebatur,
1366 3693 1480 3740 motam

181 3903 252 3967 quim
264 3904 426 3965 parthemium
445 3906 568 3961 invenitur,
585 3905 648 3969 quod
665 3907 733 3953 variis
744 3908 810 3953 resia·
842 3907 948 3955 cadendo
964 3907 1099 3970 acquisitam
1116 3918 1143 3956 ut
1156 3911 1166 3954 l
1180 3906 1210 3956 ad
1224 3912 1258 3970 μ
1274 3915 1289 3957 2
1303 3913 1361 3972 (28.
1377 3913 1430 3960 Lib.
1446 3911 1479 3970 l.)

181 3968 261 4015 tentiis
272 3968 421 4015 tribuendum
433 3985 482 4016 esse
499 3969 595 4022 ridetur.
613 3980 636 4017 et
652 3970 713 4017 certi
725 3972 808 4017 illustr.
845 3971 899 4026 Sed,
917 3987 944 4018 ex
956 3971 1025 4032 cupri
1036 3972 1139 4027 ostensis,
1159 3972 1271 4020 velocitas
1287 3991 1362 4038 aque
1375 3993 1415 4037 per
1427 3978 1481 4023 'aas

184 4033 292 4080 Marchio
312 4033 422 4088 Polcnus,
444 4033 498 4080 cum
517 4035 541 4079 in
563 4035 635 4081 Libro
652 4034 681 4081 de
705 4036 811 4081 Castaliis
843 4036 948 4082 foramen
960 4037 1099 4082 transeuntis
1110 4036 1184 4083 estad
1197 4036 1350 4086 velocitatem
1363 4057 1405 4101 per
1418 4056 1480 4088 vene

182 4111 234 4158 pag.
253 4102 291 4142 st.
314 4098 421 4156 opinatus
441 4098 520 4144 suisset
540 4097 684 4145 velocitatem
704 4099 811 4145 illumin
842 4109 966 4147 contractae
982 4101 1105 4147 sectionem
1118 4100 1216 4153 fluentia
1230 4102 1255 4148 id
1268 4112 1312 4158 est,
1331 4105 1364 4152 ad
1376 4106 1477 4151 reludu-

182 4161 473 4219 experimentisvaideesre
482 4162 595 4207 minorem
604 4161 674 4223 quim
683 4162 705 4207 in
714 4163 809 4218 theoni,
843 4172 890 4209 tem
902 4179 972 4224 quam
989 4180 1057 4224 grave
1073 4163 1177 4211 cadendo
1188 4179 1229 4224 per
1241 4175 1319 4212 totam
1332 4169 1478 4216 altitudinem

182 4223 289 4283 pluribus
300 4224 385 4270 ‹leinde
396 4225 710 4284 experimentisadcnlculos
719 4242 810 4273 revoca·
843 4243 910 4289 aque
922 4227 945 4272 in
957 4243 1009 4274 vase
1026 4229 1154 4290 stagnantis
1171 4230 1278 4289 acquirit,
1301 4231 1329 4278 in
1348 4233 1430 4280 eidam
1447 4250 1478 4280 ra-

183 4287 213 4334 tis
229 4289 328 4346 priorem
345 4291 481 4336 sententiam
499 4291 597 4337 mutavit
615 4291 639 4336 in
660 4291 765 4352 Epistola
781 4291 811 4337 ud
843 4290 906 4337 tione
921 4296 940 4343 1,
961 4292 990 4337 ad
1008 4295 1039 4351 ql
1058 4297 1086 4347 23
1106 4290 1303 4354 quaterdecies
1321 4311 1398 4357 quarn
1415 4313 1478 4360 gnte

185 4350 355 4398 illarinonium.
843 4369 884 4414 per
901 4354 1020 4401 dimidiam
1038 4355 1184 4402 altitudinem
1202 4373 1272 4417 aqua·
1294 4363 1431 4423 stagmntis
1444 4377 1478 4407 en·

217 4414 251 4473 (³)
270 4419 425 4464 Describcndo
441 4420 561 4466 dimidium
577 4419 731 4466 altitudinem.
764 4418 812 4465 Ve·
845 4418 921 4466 dendo
947 4420 1051 4481 acquirit,
1080 4420 1176 4481 equalis
1202 4431 1237 4466 est
1266 4424 1389 4471 velocitati
1417 4442 1478 4487 equa

184 4475 265 4524 locitas
280 4496 350 4539 quum
367 4497 450 4541 corpus
461 4483 580 4543 quodlibet
592 4499 667 4541 grave.
685 4483 734 4528 sinc
746 4482 811 4528 resia·
844 4497 885 4542 per
912 4483 1015 4529 foramen
1043 4482 1164 4539 effluentis,
1199 4484 1272 4531 modii
1305 4497 1391 4535 tamen
1423 4506 1478 4550 equs

184 4542 256 4587 tentii
267 4545 371 4590 cadendo
381 4557 404 4592 et
416 4561 469 4591 casu
483 4562 526 4593 suo
535 4546 812 4595 descrilrendodimidinm
845 4561 885 4606 per
911 4547 1009 4608 simplex
1038 4548 1142 4594 foramen
1170 4548 1195 4593 in
1221 4550 1368 4599 tenuissimi
1397 4553 1480 4600 lamini

184 4604 331 4652 altitudinem
343 4610 764 4673 aquoeinvasestegnnntisncquirit,
776 4620 811 4657 cst
842 4609 940 4668 iactum
973 4621 1000 4660 ut
1028 4611 1097 4673 ”ld
1123 4612 1257 4674 expositum
1286 4625 1331 4675 est,
1367 4617 1478 4665 ellluate

184 4667 215 4714 ad
226 4669 368 4718 velocitatem
380 4674 431 4735 ejus
441 4689 482 4734 per
492 4683 564 4721 totam
581 4674 729 4723 altitudinem
744 4690 811 4736 aquae
843 4689 902 4723 tate.
