3098 5534
141 395 250 453 Lmen
268 387 431 467 Paucos]
465 419 469 427 ·
496 379 741 451 PRINClPlA
764 383 1131 454 MATHEMATICA.
1349 398 1409 461 atr

133 563 220 650 pleat
234 564 331 652 igitur
344 561 454 650 quarti
467 575 557 647 parte
571 562 772 628 revolutionis
787 563 878 626 unius
894 583 1007 647 corpus
1027 564 1186 647 perveniet
1210 564 1252 630 ed
1274 564 1413 648 apsidem

132 671 239 748 imam,
255 682 287 734 et
301 665 453 754 completi
472 667 531 732 alid
546 668 655 754 quarti
669 680 757 752 parte
769 668 810 731 ad
824 667 963 752 apsidem
978 690 1140 747 summam,
1157 681 1189 734 et
1209 665 1252 734 sio
1266 671 1413 755 deinceps

133 775 288 860 pervices
303 775 336 838 in
357 775 522 839 infinitum.
567 773 607 838 Id
629 774 664 858 (⁸)
687 773 771 858 quod
792 775 885 838 etiam
910 795 951 837 ex
978 773 1194 858 Propositione
1210 776 1254 840 X.
1270 777 1413 856 manifes-

133 894 202 946 tum
215 892 271 946 est
317 881 400 945 Nam
415 902 527 965 corpus
541 891 672 967 urgente
685 879 744 944 hac
759 879 790 943 vi
804 878 971 963 centripeti
987 880 1161 944 revolvetur
1174 881 1207 943 in
1229 881 1329 965 ellipsi
1354 883 1412 968 im-

132 987 250 1066 mobili,
266 987 353 1072 cujus
367 998 507 1050 centrum
522 987 616 1068 estin
637 996 745 1049 centro
769 986 890 1048 virium.
936 969 1032 1061 Quod
1057 986 1084 1050 si
1107 987 1153 1049 vis
1178 988 1347 1071 centripeta
1366 989 1412 1053 sit

994 1089 1008 1126 2

133 1153 291 1241 reciproce
306 1167 340 1220 ut
354 1154 507 1232 distantia,
524 1153 556 1217 id
571 1166 618 1218 est
635 1151 751 1218 directe
765 1163 801 1216 ut
822 1099 854 1255 ὲ
869 1174 922 1216 seu
944 1090 1024 1255 Ξῖ,
1041 1155 1099 1218 erit
1109 1176 1131 1218 n
1143 1154 1269 1240 aequalis
1282 1164 1312 1235 2,
1323 1157 1409 1221 ideo·

218 1362 227 1379 .
378 1360 386 1376 .
720 1361 728 1376 .
1030 1364 1037 1378 ,
1257 1309 1318 1366 180

135 1383 195 1449 que
216 1374 299 1427 mter
321 1362 462 1446 apsidem
483 1382 635 1426 summam
662 1373 694 1425 et
718 1382 811 1426 unam
840 1361 971 1449 angulus
994 1376 1053 1428 ent
1069 1362 1223 1451 graduum
1247 1387 1332 1466 ῃ
1354 1385 1410 1429 seu

136 1517 196 1578 127
210 1531 258 1596 gr.
285 1517 324 1574 16
338 1530 380 1584 m.
403 1516 444 1574 45
460 1529 520 1572 see.
548 1519 579 1572 et
599 1517 766 1591 propterea
787 1528 900 1592 corpus
924 1509 980 1573 tali
1006 1508 1037 1572 vi
1062 1509 1232 1586 revolvens,
1258 1507 1411 1591 perpetui

133 1615 240 1701 anguli
254 1614 346 1698 hujus
361 1615 553 1698 repetitione,
569 1614 688 1676 vicibus
703 1613 829 1678 alternis
843 1615 884 1677 ab
898 1615 1005 1698 apside
1020 1614 1139 1679 summi
1154 1614 1302 1700 adimam
1323 1613 1408 1678 stab

130 1718 194 1783 imt
207 1718 248 1782 ad
263 1715 415 1783 summum
428 1719 588 1803 perveniet
602 1719 636 1781 in
649 1729 810 1783 aeternum·
856 1720 956 1783 Porro
971 1720 997 1783 si
1010 1721 1057 1783 vis
1079 1720 1248 1802 centripeta
1269 1720 1308 1782 sit
1330 1719 1409 1781 reci·

130 1824 226 1913 proed
241 1839 276 1889 ut
289 1825 369 1890 latus
384 1824 720 1911 quadratoquadmtum
735 1826 907 1890 undecimae
923 1826 1080 1914 dignitatis
1104 1827 1282 1904 altitudinis,
1305 1827 1339 1890 id
1361 1839 1409 1894 est

131 1995 289 2082 reciproce
303 2008 338 2089 ut
354 1993 436 2077 AV,
454 1996 493 2079 (¹¹)
509 1995 640 2080 ideoque
651 1993 768 2060 directe
782 2007 818 2060 ut
829 1942 906 2113 ig
924 2018 979 2061 seu
992 2008 1028 2061 ut
1042 1936 1183 2100 {qi-,etit
1200 2019 1222 2060 n
1236 1998 1362 2084 aequalis
1376 2001 1406 2082 l,

134 2222 165 2275 et
178 2158 244 2314 {gg
258 2231 306 2298 gr.
322 2208 449 2294 aequalis
465 2217 527 2272 360
542 2229 589 2294 gr.
605 2219 637 2271 et
649 2217 815 2291 propterea
829 2227 954 2309 corpus..
966 2206 1006 2271 de
1031 2206 1140 2291 upside
1165 2208 1284 2272 summi
1309 2208 1408 2274 disce-

132 2354 211 2420 dens
226 2368 258 2420 et
272 2355 403 2419 subinde
426 2354 579 2439 perpetui)
604 2353 804 2432 descendens,
830 2354 989 2437 perveniet
1008 2353 1049 2417 ad
1072 2355 1209 2438 apsidem
1236 2355 1331 2417 imam
1354 2355 1410 2419 ubi

132 2461 299 2545 complevit
328 2460 551 2525 revolutionem
580 2459 742 2546 integrum,
773 2458 845 2521 dein
876 2470 1028 2542 perpetuo
1064 2445 1190 2523 ascensu
1223 2458 1409 2544 complendo

131 2567 225 2629 eliam
239 2566 462 2630 revolutionem
484 2567 646 2651 integram,
671 2563 784 2628 redibit
807 2563 848 2627 ed
873 2564 1012 2649 apsidem
1037 2587 1208 2629 summam:
1231 2578 1263 2629 et
1285 2565 1330 2629 sic
1351 2587 1409 2651 per

130 2672 213 2736 vices
228 2673 260 2735 in
275 2686 436 2737 aeternum.

172 2784 309 2863 Bcempl.
334 2790 363 2845 3.
398 2782 601 2846 Assumentes
624 2803 657 2843 rn
683 2791 714 2844 et
737 2802 759 2842 n
782 2801 841 2864 pro
866 2779 1024 2866 quibusvis
1048 2779 1200 2845 indicibus
1223 2780 1408 2865 dignitatium

130 2888 311 2967 altitudinis,
328 2900 359 2953 et
371 2888 404 2966 b,
421 2909 511 2972 cpro
525 2887 660 2951 numeris
676 2887 834 2973 quibusvis
845 2885 934 2965 datis,
951 2909 1102 2971 ponemus
1123 2889 1185 2952 vim
1207 2889 1407 2972 centripeaua

127 3105 198 3170 quim
220 3107 382 3168 compendiosa
403 3106 433 3153 sit
455 3105 609 3153 Newtoniana
629 3104 752 3154 methodus

128 3182 218 3219 motum
230 3171 337 3232 apsidum
348 3170 523 3224 determinandi,
536 3185 590 3216 nam
600 3182 751 3231 preterquam

126 3235 192 3297 quod
201 3236 287 3282 sufficit
297 3234 356 3282 duos
366 3233 507 3295 dignitatum
523 3233 632 3280 terminos
642 3234 751 3289 invenire,

128 3311 225 3359 possunt
235 3313 327 3360 quoque
339 3297 430 3344 termini
442 3297 543 3358 equales
557 3297 579 3343 li
592 3297 612 3343 F
626 3297 651 3351 F,
663 3297 713 3343 ΤΡ
724 3296 750 3352 F,

125 3362 301 3409 insormulrili
322 3363 345 3407 G
365 3360 468 3407 G-li
489 3360 509 3406 l?
528 3359 625 3436 F†T
646 3360 665 3406 F
685 3360 752 3406 F-

130 3426 150 3473 F
165 3426 185 3472 F
198 3427 230 3481 x,
243 3424 328 3481 delari;
347 3422 410 3470 unde
421 3422 583 3470 tantummodo
598 3422 751 3469 conserendus

126 3490 240 3536 cenninus
250 3489 318 3534 durus
332 3489 355 3535 R
369 3489 392 3534 G
406 3488 429 3534 G
440 3501 495 3534 eum
505 3485 556 3532 aliis
571 3486 674 3533 terminis
685 3486 749 3539 datia
916 3524 928 3546 ‚.

126 3563 151 3600 et
161 3552 274 3598 terminus
285 3565 334 3598 non
345 3551 455 3598 datus-
467 3549 488 3595 F
500 3549 521 3596 F
535 3549 558 3595 X
569 3564 625 3596 cum
640 3549 691 3596 aliis
703 3564 751 3595 non
805 3547 808 3552 ’
884 3546 916 3618 ,ι’

127 3616 194 3664 datis.
384 3635 389 3642 ·
873 3622 884 3657 ,f

160 3679 192 3743 (ι)
211 3682 224 3706 ·
243 3681 539 3756 ruquafuauarrqp.
553 3676 598 3755 ιι,
614 3677 655 3723 ac.
688 3675 751 3750 Nan
859 3661 884 3727 εἰ.
899 3714 1039 3770 '··'”········;
1144 3724 1152 3736 ,
1271 3722 1290 3738 „

126 3752 326 3865 mittit
334 3744 389 3864 hil,
398 3757 420 3852 {¹
430 3740 711 3865 t‘ttittttttltss
725 3754 751 3849 il

126 3877 207 3916 renuo
217 3869 300 3914 virium
315 3870 342 3924 C,
354 3869 404 3914 axis
414 3878 555 3915 maneremus
566 3867 590 3912 V
600 3881 624 3922 n,
635 3866 685 3912 axis
694 3881 750 3912 cou-

122 3936 222 3995 Jugatus
234 3952 252 3979 c
262 3947 284 3993 q,
297 3932 386 3990 apsides
402 3946 500 3977 summas
516 3930 569 3976 dua
583 3931 613 3985 V,
626 3946 647 3980 n.
659 3930 712 3975 imae
723 3947 749 3986 τ,

124 4011 156 4057 q;
181 3995 287 4054 ellipseos
304 4006 382 4041 autem
398 3994 490 4041 mobilis
507 3994 530 4039 V
543 3994 564 4039 P
577 4004 607 4046 11.
626 3992 751 4040 umbilicus

125 4059 170 4106 erit
183 4061 211 4116 C,
223 4059 272 4106 aris
282 4069 424 4106 transversus
435 4059 458 4104 V
470 4067 493 4104 11
504 4077 539 4102 =
553 4057 574 4102 V
588 4058 607 4104 C
619 4057 651 4120 ÷
664 4057 684 4104 C
696 4061 728 4100 11.

159 4162 195 4226 (⁸)
214 4167 227 4192 '
244 4165 344 4225 Ideoque
359 4159 441 4209 directi
460 4169 487 4208 at
504 4125 576 4276 -Ᾰὲῑ,
587 4174 627 4206 reu
637 4166 664 4206 at
678 4117 751 4245 ἐξ,

125 4335 181 4368 cum
197 4317 228 4366 sit
245 4287 427 4380 A³=AJ3⁹3
447 4280 750 4437 ειριοίιιᾶὲωῑὲἑε

128 4441 522 4602 ιιμιῳιιιιῂςᾷΐ
