3098 5534
213 431 273 486 134
540 422 880 490 PHILOSOPHIAE
904 425 1175 490 NATURALIS
1222 425 1340 504 [Mor.
1354 425 1510 490 (ἶοινοι.

256 598 353 659 Corol.
371 605 400 660 5.
448 596 586 661 Proinde
601 618 714 682 corpus
729 596 814 681 quod
829 597 973 681 specifice
987 598 1112 683 gravius
1128 610 1176 661 est
1190 597 1286 684 qudm
1295 596 1438 661 fluidum
1453 597 1509 660 sibi

210 707 403 793 contiguum,
421 706 604 785 subsidebit,
620 722 652 772 et
667 709 751 794 quod
768 707 912 792 specifice
926 707 1024 771 levius
1039 720 1087 771 est
1100 706 1256 783 ascendet,
1273 720 1468 792 motumque
1480 719 1509 769 et

209 817 320 903 figurae
342 817 545 881 mutationem
568 832 784 902 consequetur,
809 829 961 902 quantum
982 838 1126 879 excessus
1141 816 1192 879 ille
1207 814 1256 877 vel
1272 815 1422 878 defectus
1437 836 1507 901 gra·

208 925 310 990 vitatis
326 927 448 990 efficere
462 925 571 1010 possit.
617 925 761 1010 Namque
781 948 926 990 excessus
948 925 1000 989 ille
1016 925 1064 989 vel
1078 924 1216 989 defectus
1236 925 1399 988 rationem
1415 925 1507 988 habet

208 1034 371 1118 impulsus,
388 1057 451 1120 quo
467 1057 590 1120 eorpus,
614 1035 689 1099 alids
705 1043 738 1098 in
752 1036 927 1120 aequilibrio
942 1058 1014 1100 cum
1025 1035 1113 1099 fluidi
1127 1034 1268 1118 partibus
1285 1035 1504 1110 constitutum,

208 1158 357 1229 urgetur;
379 1154 411 1205 et
425 1142 599 1225 comparari
619 1155 722 1226 potest
736 1164 808 1205 cum
823 1164 954 1206 excessu
976 1142 1026 1206 vel
1047 1141 1171 1206 defectu
1191 1141 1345 1225 ponderis
1361 1142 1395 1204 in
1420 1141 1505 1207 lance

210 1248 357 1313 alterutris
370 1249 468 1313 libras.

254 1360 351 1423 Corol.
367 1370 397 1425 6.
444 1360 622 1444 Corporum
637 1360 734 1446 igitur
747 1361 781 1423 in
791 1361 895 1424 fluidis
911 1360 1151 1424 constitutorum
1166 1360 1287 1443 duplex
1296 1372 1348 1422 est
1356 1359 1503 1446 gravitas,

209 1469 305 1532 alteru
319 1492 392 1533 vera
407 1483 438 1533 et
453 1471 605 1548 absoluta,
622 1470 719 1533 altera
733 1491 897 1554 apparens,
921 1470 1058 1556 vulgaris
1074 1483 1105 1532 et
1120 1469 1343 1552 comparativa.
1392 1469 1504 1532 Gravi-

208 1590 255 1640 tus
276 1575 417 1639 absoluta
432 1589 479 1640 est
494 1577 539 1638 vis
554 1588 621 1640 tota
634 1577 696 1661 quai
711 1599 825 1661 corpus
847 1576 994 1640 deorsum
1017 1575 1134 1639 tendit:
1160 1576 1288 1639 relativa
1309 1588 1344 1638 et
1368 1575 1504 1662 vulgaris

207 1696 254 1748 est
279 1708 424 1751 excessus
445 1687 605 1774 gravitatis
628 1709 691 1772 quo
712 1707 826 1770 corpus
848 1686 947 1772 magis
968 1685 1069 1749 tendit
1090 1685 1236 1748 deorsum
1259 1707 1358 1769 quarn
1374 1684 1502 1747 fluidum

207 1792 358 1856 ambiens.
404 1794 523 1857 Prioris
538 1794 661 1880 generis
672 1793 824 1881 gravitate
839 1804 943 1876 partes
958 1791 1128 1854 fluidorum
1137 1804 1349 1875 etcorporum
1365 1791 1502 1853 omnium

206 1903 364 1990 gravitunt
379 1903 411 1966 in
427 1903 504 1967 locis
520 1905 603 1968 suis:
627 1903 762 1989 ideoque
777 1902 949 1987 conjunctis
963 1900 1154 1985 ponderibus
1169 1913 1368 1982 componunt
1381 1899 1502 1984 pondus

207 2010 311 2073 totius.
358 2011 442 2074 Nam
457 2023 557 2075 totum
573 2033 667 2075 omne
680 2033 777 2098 grave
792 2025 849 2087 est,
873 2023 909 2074 ut
923 2010 955 2071 in
970 2010 1051 2072 vasis
1066 2008 1223 2095 liquorum
1245 2007 1351 2090 plenis
1368 2008 1500 2092 experiri

206 2119 295 2195 licet;
320 2133 352 2184 et
365 2120 490 2205 pondus
506 2123 601 2186 totius
621 2122 742 2208 aequale
757 2133 805 2185 est
818 2117 1010 2203 ponderibus
1033 2118 1173 2181 omnium
1195 2117 1345 2200 partium,
1371 2116 1501 2201 ideoque

206 2249 247 2289 ex
258 2226 369 2290 iisdem
381 2228 589 2312 componitur.
634 2227 774 2291 Alterius
797 2226 921 2314 generis
942 2225 1096 2312 gravitate
1117 2245 1250 2307 corpora
1264 2245 1332 2287 non
1347 2224 1501 2309 gravitant

132 2373 137 2383 ·
206 2334 239 2396 in
263 2334 339 2400 locis
364 2337 438 2415 suis,
469 2337 502 2400 id
528 2351 584 2413 est,
612 2338 694 2402 inter
716 2360 749 2401 se
772 2336 885 2400 collata
906 2345 969 2397 non
992 2346 1201 2421 praegravant,
1233 2333 1290 2396 sed
1320 2348 1450 2396 mutuos
1465 2333 1500 2394 nd

205 2441 460 2508 descendendum
475 2458 604 2510 conatus
620 2444 821 2529 impedientia
835 2453 1019 2527 permanent
1033 2442 1068 2503 in
1083 2440 1159 2503 locis
1175 2439 1247 2514 suis,
1271 2439 1409 2522 perinde
1424 2438 1498 2501 acsi

204 2552 313 2635 gravia
326 2574 391 2615 non
413 2566 526 2617 essent.
573 2552 656 2627 Quae
671 2552 703 2614 in
718 2554 790 2615 a'ere
805 2562 879 2613 sunt
893 2561 925 2613 et
939 2569 1003 2611 non
1026 2559 1233 2634 praegravant,
1258 2546 1376 2632 vulgus
1398 2546 1500 2632 gratia

206 2679 268 2720 non
280 2659 410 2742 judicat.
457 2659 540 2736 Quas
554 2672 754 2747 praegravant
768 2657 879 2744 vulgus
894 2656 1001 2744 gravia
1010 2654 1141 2739 judicat,
1159 2654 1313 2741 quatenus
1328 2656 1413 2718 ae‘ris
1427 2677 1499 2739 pon·

204 2766 279 2829 dere
295 2788 358 2831 uon
375 2769 577 2834 sustinentur.
623 2769 771 2833 Pondere
785 2767 871 2854 vulgi
885 2766 963 2829 nihil
976 2765 1060 2828 aliud
1076 2779 1147 2829 sunt
1162 2764 1255 2850 qudrn
1279 2786 1431 2828 excessus
1454 2787 1499 2827 re·

204 2897 311 2940 rorum
326 2879 502 2962 ponderum
519 2902 613 2963 supra
627 2879 752 2962 pondus
766 2877 856 2941 acris.
904 2876 1000 2941 Unde
1015 2891 1046 2939 et
1061 2875 1155 2962 vulgi)
1170 2874 1318 2937 dicuntur
1329 2875 1424 2950 levia,
1435 2896 1500 2959 quae

204 2994 277 3045 sunt
291 2984 394 3048 minus
408 2985 525 3072 gravia,
542 2986 668 3071 aerique
683 2984 893 3072 praegravanti
907 2982 1050 3047 cedendo
1065 2982 1226 3066 superiora
1240 2994 1366 3065 petunt.
1409 2983 1500 3046 Com-

203 3090 341 3172 parativd
356 3091 436 3154 levia
453 3104 536 3169 sunt,
552 3114 618 3155 non
633 3092 716 3168 verd,
734 3091 807 3176 quia
822 3089 1016 3155 descendunt
1031 3090 1063 3151 in
1079 3111 1187 3153 vacuo.
1234 3089 1288 3152 Sic
1311 3103 1343 3153 et
1367 3091 1401 3152 in
1424 3091 1499 3175 aqui

204 3221 345 3281 corpora,
363 3223 434 3286 quae
446 3202 488 3263 ob
503 3204 652 3286 majorem
667 3201 717 3264 vel
732 3201 885 3263 minorem
904 3201 1087 3287 gravitatem
1103 3198 1296 3261 descendunt
1322 3200 1373 3262 vel
1397 3223 1500 3262 ascen·

202 3307 291 3383 dunt,
316 3325 388 3373 sunt
411 3310 621 3394 comparative
636 3324 667 3374 et
682 3323 869 3394 apparenter
890 3310 997 3397 gravia
1014 3306 1063 3371 vel
1079 3309 1167 3384 levia,
1192 3320 1350 3370 eteorum
1366 3311 1499 3395 gravitas

202 3415 251 3478 vel
274 3416 381 3481 levitas
404 3420 615 3503 comparativa
637 3433 669 3483 et
691 3441 845 3503 apparens
868 3432 915 3482 est
936 3441 1080 3482 excessus
1103 3418 1152 3481 vel
1176 3416 1314 3480 defectus
1341 3442 1410 3503 quo
1432 3442 1499 3482 rem

202 3548 311 3588 eorum
333 3529 468 3614 gravitas
484 3529 532 3592 vel
549 3543 674 3612 superat
694 3529 878 3614 gravitatem
900 3550 999 3615 aquae,
1024 3527 1073 3590 vel
1088 3527 1128 3589 ab
1143 3526 1178 3589 ed
1195 3541 1392 3610 superatum·
1422 3531 1499 3604 Qua·

203 3636 277 3699 verb
292 3659 350 3699 nec
365 3639 594 3723 praegravando
608 3638 813 3713 descendunt,
838 3660 896 3701 nec
918 3637 1126 3723 praegravanti
1149 3635 1291 3698 cedendo
1314 3639 1497 3705 ascendunt

203 3743 322 3805 etiarnsi
339 3745 418 3806 veris
434 3746 496 3807 suis
511 3745 704 3828 ponderibus
716 3744 893 3832 adaugeant
907 3745 1031 3829 pondus
1047 3744 1150 3818 totius,
1168 3745 1383 3825 comparative
1398 3761 1498 3809 tamen

202 3864 233 3913 et
248 3851 279 3912 in
296 3874 388 3915 sensu
411 3852 496 3940 vulgi
518 3874 581 3915 non
602 3852 759 3938 gravitant
775 3853 806 3915 in
822 3852 912 3937 aquia.
960 3851 1043 3914 Nam
1055 3850 1162 3913 similis
1177 3865 1224 3913 est
1239 3850 1354 3913 borum
1373 3876 1498 3916 casuum

201 3960 434 4023 demonstratio.
588 3970 591 3975 '

245 4071 343 4132 Corol.
362 4078 390 4137 7.
438 4069 523 4146 Quas
538 4071 577 4133 de
592 4071 744 4158 gravitate
767 4071 1030 4144 demonstrantur,
1058 4068 1200 4130 obtinent
1223 4068 1254 4129 in
1277 4067 1346 4132 aliis
1371 4071 1498 4154 quibus-

202 4201 325 4265 cunque
340 4179 457 4243 viribus
473 4180 663 4265 centripetis.

246 4292 346 4353 Corol.
364 4300 393 4353 8.
439 4290 578 4353 Proinde
593 4290 619 4353 si
635 4291 783 4366 medium,
797 4292 829 4353 in
846 4314 909 4377 quo
924 4313 1037 4373 corpus
1054 4290 1180 4375 aliquod
1203 4303 1358 4367 movetur,
1387 4315 1497 4379 urgea-

200 4411 251 4462 tur
266 4399 315 4461 vel
329 4422 348 4461 a
362 4399 514 4486 gravitate
529 4401 668 4484 proprisi,
685 4401 732 4463 vel
750 4402 790 4464 ab
806 4401 866 4464 alisi
882 4401 1068 4485 quicunque
1083 4404 1113 4463 vi
1129 4400 1311 4485 centripctir,
1337 4416 1369 4465 et
1386 4424 1498 4486 corpus

199 4509 239 4570 ab
255 4507 364 4572 aridem
379 4511 409 4573 vi
425 4524 573 4597 urgeatur
588 4512 715 4586 fortius;
743 4512 918 4575 differentia
933 4512 1043 4573 virium
1060 4525 1107 4574 est
1122 4513 1167 4573 vis
1184 4512 1236 4574 iiia
1250 4513 1381 4588 motrix,
1407 4535 1497 4598 quarn

198 4617 232 4678 in
257 4620 505 4701 praecedentibus
532 4623 805 4705 Propositionibus
830 4637 864 4686 ut
894 4623 954 4682 vim
986 4624 1188 4706 centripetam
1220 4624 1498 4687 consideravimus.
