3098 5534
122 396 192 460 xxii
310 458 314 465 ,
665 399 892 466 EDITORIS

122 561 173 628 vel
187 562 323 628 maxim&
338 565 592 635 concesserimus.
638 569 714 633 Non
727 582 833 635 autem
847 568 1065 636 concedimus:
1088 580 1251 656 nequeunt
1264 567 1350 635 enim
1364 568 1422 635 illo

122 684 216 756 pacto
230 669 441 755 phaenomena
454 695 512 759 per
526 674 659 740 vortices
674 675 842 761 explicari3
865 676 952 764 quod
966 677 1007 742 ab
1026 689 1154 742 auctore
1168 689 1279 742 nostro
1293 676 1421 745 abunde

122 778 251 865 quidem
271 790 304 843 et
322 779 503 845 clarissimis
523 782 700 855 rationibus
719 783 892 861 evincitur;
915 796 952 850 ut
972 780 1185 870 somnisplris
1207 782 1301 873 aequd
1316 784 1422 851 indul·

121 899 218 975 geant
242 898 397 971 oporteat,
425 888 479 974 qui
504 888 699 975 ineptissimo
724 889 877 979 figmento
903 891 1112 972 resarciendo,
1142 890 1295 980 novisque
1323 893 1423 980 porrb

122 993 307 1058 commentis
322 993 466 1059 ornando
476 995 632 1063 infelicem
646 1019 776 1083 operam
796 997 958 1066 addicunt.

169 1101 204 1167 Si
215 1123 349 1187 corpora
362 1101 560 1199 planetarum
575 1119 608 1171 et
621 1119 815 1170 cometarum
830 1106 914 1172 circa
927 1104 1027 1170 solem
1048 1086 1230 1172 deierantur
1253 1131 1273 1173 a
1295 1106 1424 1185 vortici-

122 1212 181 1277 bus
189 1236 201 1290 ;
222 1226 347 1299 oportet
361 1236 495 1302 corpora
509 1215 612 1290 delata
627 1229 660 1283 et
672 1216 827 1282 vorticum
840 1227 947 1302 partes
960 1213 1114 1301 proxime·
1123 1215 1296 1281 ambientes
1310 1215 1423 1282 eadem

121 1320 287 1387 velocitate
297 1322 471 1410 eademque
485 1324 597 1391 cursus
608 1324 868 1390 determinatione
882 1324 1014 1402 moveri,
1029 1335 1061 1389 et
1071 1321 1205 1388 eandem
1215 1321 1334 1389 habere
1342 1322 1423 1405 den7

120 1429 245 1495 ritatem
260 1431 310 1495 vel
330 1432 465 1499 eandem
479 1435 543 1503 vim
554 1434 676 1500 inertiae
699 1456 759 1521 pro
780 1431 864 1499 mole
879 1433 1028 1499 materiae.
1075 1432 1208 1498 Constat
1221 1431 1298 1498 verb
1311 1433 1424 1520 plane-

121 1547 169 1601 tas
184 1547 218 1600 ct
232 1549 383 1614 cometas,
405 1535 483 1602 dum
498 1553 663 1605 versantur
677 1541 712 1604 in
728 1540 841 1605 iisdem
860 1539 1043 1629 regionibus
1065 1539 1227 1618 coelorum,
1248 1538 1424 1606 velocitati·

121 1645 181 1710 bus
206 1646 302 1711 variis
328 1649 479 1736 variique
505 1649 616 1715 curslrs
640 1649 900 1715 determinatione
926 1649 1057 1714 moveri.
1102 1646 1291 1727 Necessariis
1315 1649 1424 1737 itaque

120 1754 274 1840 sequitur,
298 1768 334 1819 ut
352 1755 444 1821 fluidi
458 1755 595 1822 ooelestis
616 1769 722 1842 partes
736 1755 811 1835 illoe,
834 1777 906 1844 quae
929 1768 1003 1821 sunt
1022 1754 1063 1820 ad
1084 1753 1212 1820 easdem
1224 1753 1388 1837 distantias
1402 1781 1424 1824 a

119 1860 198 1940 sole,
213 1862 418 1927 revolvantur
433 1863 547 1929 eodeln
561 1877 705 1950 tempore
718 1863 751 1927 in
764 1863 875 1950 plagas
890 1862 1029 1927 diversas
1044 1884 1116 1926 cum
1128 1861 1259 1926 diversis
1273 1862 1424 1945 velocita-

119 1970 224 2037 tibus:
249 1972 365 2038 etenim
385 1972 447 2040 alisi
462 1996 543 2059 opus
565 1974 819 2047 eritdirectione
838 1985 871 2039 et
889 1973 1063 2050 velocitate,
1086 1985 1123 2037 ut
1144 1973 1278 2038 transire
1299 1974 1424 2060 possint

118 2078 275 2167 plonetae3
299 2079 372 2159 alil,
389 2097 426 2147 ut
436 2082 570 2147 transire
581 2083 705 2168 possint
715 2095 857 2148 cometae.
903 2078 1090 2158 Quod'crim
1101 2080 1253 2166 explicari
1267 2095 1422 2170 nequeat·;

119 2186 170 2253 vel
186 2187 352 2253 fatendum
367 2189 437 2269 erit,
459 2190 607 2257 universa
629 2212 765 2276 corpora
787 2189 928 2255 coelcstia
948 2211 1013 2253 non
1033 2188 1148 2254 deferri
1163 2211 1183 2252 a
1195 2190 1328 2255 materia
1348 2211 1423 2255 vor·

118 2298 207 2376 ticis3
229 2299 281 2366 vel
295 2300 468 2367 dicendum
484 2301 555 2379 erit,
579 2300 756 2366 eorundem
777 2312 882 2365 motus
905 2297 1094 2384 repetendos
1114 2320 1183 2364 esse
1205 2320 1272 2363 non
1291 2299 1333 2364 ab
1356 2321 1422 2364 uno

118 2409 294 2498 eodemque
309 2413 438 2491 vortice,
463 2413 522 2478 sed
537 2436 558 2477 a
571 2412 718 2498 pluribus
741 2410 795 2498 qui
818 2410 859 2474 ab
881 2409 1016 2474 invicem
1037 2406 1153 2473 divorsi
1175 2407 1248 2487 sint,
1272 2406 1431 2502 idemque

118 2522 255 2606 spatium
271 2523 331 2588 soli
346 2524 583 2608 circumjectum
598 2521 785 2608 pervadant.
964 2590 967 2595 .

166 2629 201 2694 Si
228 2629 336 2713 plures
352 2631 487 2696 vortices
503 2630 537 2693 in
552 2629 665 2695 eodem
680 2629 782 2715 spatio
802 2626 966 2704 contineri,
990 2639 1022 2690 et
1041 2646 1110 2690 sese
1127 2622 1239 2689 mutud
1252 2634 1421 2709 penetmre

118 2735 320 2824 motibusque
331 2738 462 2805 diversis
472 2738 592 2804 revolvi
606 2751 784 2825 ponantur3
806 2737 957 2825 quoniam
966 2735 1001 2799 hi
1010 2747 1117 2801 motus
1128 2735 1246 2800 debent
1256 2756 1326 2800 esse
1342 2750 1421 2800 oon·

118 2845 236 2911 formes
251 2845 431 2913 delatorum
451 2871 621 2933 corporum
636 2848 785 2927 motibus,
801 2847 945 2934 quisunt
966 2845 1088 2911 summe
1104 2845 1276 2934 regulares,
1298 2858 1332 2911 et
1345 2867 1421 2931 per·

118 2961 259 3040 aguntur
273 2952 306 3018 in
319 2953 510 3019 sectionibus
533 2954 652 3018 conicis
674 2974 761 3019 nnnc
783 2950 874 3017 valde
896 2952 1088 3030 eceentncis,
1111 2973 1198 3017 nunc
1219 2951 1262 3015 ad
1285 2950 1421 3016 circulo-

118 3084 190 3126 rum
204 3063 351 3149 proxime
365 3063 501 3131 formam
512 3063 735 3129 accedentibus
746 3085 756 3140 ς
773 3063 848 3148 jure
859 3059 1065 3147 quoereudum
1075 3060 1144 3138 erit,
1157 3059 1211 3146 qui
1223 3059 1293 3124 fieri
1306 3060 1418 3145 possit,

118 3181 156 3236 ut
169 3170 267 3236 iidem
280 3172 396 3260 integri
412 3181 638 3239 conserventur
659 3191 719 3234 nec
741 3169 783 3234 ab
797 3167 975 3234 actionibus
989 3167 1129 3231 materia
1144 3167 1337 3231 occursantis
1360 3189 1420 3253 per

117 3292 165 3345 tot
180 3280 299 3347 soecula
312 3281 483 3369 quicquam
499 3281 738 3368 perturbentur.
784 3277 868 3346 sane
882 3278 911 3342 si
925 3289 1030 3342 motus
1050 3276 1084 3341 hi
1105 3277 1207 3342 fictitii
1228 3290 1302 3342 sunt
1314 3278 1419 3366 magis

117 3391 283 3475 compositi
306 3406 339 3459 et
359 3392 516 3459 difficiliris
539 3391 747 3478 explicantur,
771 3387 868 3476 quim
888 3387 956 3453 veri
977 3385 1024 3451 illi
1045 3399 1150 3450 motus
1171 3387 1371 3471 planetarum
1386 3401 1419 3453 et

117 3513 329 3581 cometarum3
351 3502 469 3568 frustari
490 3501 569 3568 milri
583 3503 732 3568 videntur
754 3500 788 3565 in
809 3495 1043 3583 philosophiam
1064 3495 1181 3579 recipi:
1206 3495 1309 3559 omnis
1331 3497 1418 3560 enim

118 3630 212 3673 causa
232 3608 328 3675 debct
350 3632 420 3676 esse
443 3609 557 3678 effectu
580 3633 640 3675 suo
663 3607 845 3694 simplicior.
892 3604 1060 3681 concessa,
1075 3603 1253 3669 fabularum
1277 3605 1416 3684 licentia,

117 3719 320 3784 affimraverit
334 3718 446 3806 aliquis
470 3719 612 3805 planetas
626 3739 737 3784 omnes
756 3729 789 3782 et
806 3726 945 3780 cometas
962 3711 1166 3800 circumcingi
1184 3711 1416 3797 atmosphaeris,

117 3808 159 3893 ad
174 3829 274 3894 instar
287 3827 410 3893 telluris
424 3842 542 3894 nostrae
550 3852 561 3905 ς
583 3850 656 3915 quae
677 3826 807 3914 quidem
825 3822 1009 3911 hypothesis
1024 3822 1139 3888 rationi
1158 3823 1259 3910 magis
1283 3845 1417 3888 consen·

118 3952 212 4005 tanes
224 3937 383 4004 videbitur
402 3960 499 4025 quam
516 3937 701 4024 hypothesis
722 3935 887 4001 vorticum.
933 3931 1148 3999 Affirmaverit
1161 3931 1276 3996 deinde
1291 3931 1348 3997 has
1368 3946 1417 3997 at·

117 4046 323 4131 rnosphoeras,
346 4066 388 4110 ex
402 4043 515 4112 naturai
532 4044 600 4121 sui,
623 4045 708 4111 circa
730 4043 829 4108 solem
844 4040 963 4106 moveri
978 4054 1010 4105 et
1032 4040 1186 4106 sectiones
1209 4041 1335 4105 conicas
1360 4043 1416 4108 de-

117 4157 254 4222 scribere
263 4182 273 4235 ;
295 4157 350 4244 qui
372 4156 448 4222 saue
462 4169 568 4222 motus
585 4155 686 4221 multd
700 4153 822 4221 facilins
842 4151 966 4236 concipi
979 4163 1094 4235 potest,
1121 4147 1216 4236 qudm
1243 4153 1416 4218 consimilis

117 4278 223 4330 motus
245 4267 400 4332 vorticum
429 4289 463 4332 se
484 4266 618 4331 invicem
642 4264 881 4351 permeantium.
926 4259 1075 4346 Denique
1099 4258 1241 4344 planetas
1267 4261 1352 4346 ipsos
1382 4278 1417 4327 et

117 4388 256 4441 cometas
275 4377 360 4441 circo
374 4376 474 4442 solem
488 4374 605 4440 deferri
619 4375 661 4439 ab
675 4372 895 4459 atmosphoeris
910 4371 974 4436 suis
988 4368 1183 4436 credendum
1199 4392 1269 4434 esse
1285 4382 1413 4451 statuat,

117 4500 150 4551 et
164 4485 206 4549 ob
221 4498 359 4572 repertas
374 4497 517 4551 motuum
531 4483 706 4550 coelestium
721 4506 829 4550 causas
843 4480 1041 4568 triumphum
1061 4492 1144 4568 agat
1185 4481 1344 4567 Quisquis
1359 4507 1416 4550 au·
