3074 5520
45 360 49 383 ²
127 392 190 450 iss
430 380 769 450 ruinosoenna
792 382 1067 449 naronaars
1133 378 1259 462 [mos.
1275 377 1416 442 coma

122 549 262 615 deranda
276 550 370 626 venit,
386 549 428 614 sit
441 550 482 614 ad
496 551 701 616 resistentiam
716 551 854 635 ejusdem
868 548 999 634 penduli
1012 549 1124 624 totius,
1150 546 1270 611 eadem
1285 553 1358 609 cum
1374 566 1418 608 ta·

120 657 252 728 locitate
268 658 301 720 in
326 661 399 721 aere
420 658 600 736 oscillantis,
628 660 668 742 (¹¹)
684 672 719 722 ut
734 668 797 724 850
812 657 853 720 ad
869 666 884 722 1
902 657 1034 732 circiter,
1063 654 1129 718 boc
1146 664 1211 729 est,
1239 665 1277 715 ut
1291 651 1414 715 denam

67 834 70 843 ‚
122 786 212 849 aquae
226 764 266 827 ad
281 764 467 828 densitatem
481 766 561 829 adria
575 765 822 850 quamproxime.

167 874 206 936 In
224 872 286 936 boc
308 872 429 936 calculo
451 874 532 937 sumi
553 897 678 961 quoque
698 876 828 940 deberet
847 896 920 958 pars
941 872 994 937 illa
1018 869 1220 935 resistentie
1245 866 1417 953 pandabit

123 977 215 1064 aqud,
231 998 302 1063 quae
316 990 399 1043 esset
413 990 448 1043 ut
463 979 649 1065 quadratum
663 980 843 1058 velocitatis,
859 979 914 1044 sed
930 976 1028 1064 (quod
1039 976 1163 1039 mirum
1177 975 1264 1040 forte
1276 972 1417 1052 Vltimi

126 1084 300 1148 resistentia
320 1084 353 1145 in
371 1106 453 1170 aqua
473 1087 645 1172 augebatur
665 1087 698 1150 in
719 1087 839 1151 ratione
860 1085 1028 1150 velocitatis
1053 1085 1236 1170 plusquam
1261 1081 1415 1167 duplicati·

125 1192 202 1278 Ejus
216 1191 262 1254 rei
284 1212 410 1254 causam
432 1191 658 1278 investigando,
684 1193 718 1255 in
739 1191 820 1256 hanc
841 1192 946 1268 incidi,
964 1190 1051 1277 quod
1073 1212 1154 1255 arca
1177 1191 1278 1255 nimis
1298 1204 1417 1276 angusta

126 1313 208 1365 esset
221 1321 281 1384 pro
295 1301 509 1388 magnitudine
529 1303 615 1389 globi
636 1301 776 1386 penduli,
800 1315 832 1366 et
853 1314 972 1365 motum
995 1321 1087 1385 aquae
1113 1298 1269 1364 cedmtis
1291 1320 1358 1382 pre
1371 1319 1415 1360 m-

123 1408 226 1494 gustiti
243 1407 298 1472 suti
313 1410 404 1472 nimis
425 1410 623 1493 impediebat
668 1410 751 1474 Nam
772 1411 800 1474 si
821 1410 936 1497 globus
957 1407 1129 1493 pendulus,
1150 1410 1257 1492 cujus
1280 1408 1415 1472 diameter

123 1526 192 1579 erat
200 1515 289 1601 digiti
301 1515 402 1592 unius,
413 1516 666 1603 immergeretur3
681 1516 857 1581 resistentia
871 1515 1053 1602 augebatur,
1069 1514 1104 1577 in
1121 1513 1412 1598 duplicatorum

123 1621 294 1684 velocitatis
308 1643 402 1705 quam
417 1621 569 1705 proxime.
615 1622 652 1686 ld
668 1623 824 1687 tentabam
841 1620 1052 1686 construendo
1067 1620 1257 1703 pendulum
1272 1643 1314 1684 ex
1326 1620 1413 1707 globis

125 1730 258 1806 duobus,
275 1751 407 1815 quorum
422 1731 549 1795 inferior
563 1743 595 1796 et
608 1732 712 1795 minor
725 1731 918 1798 oscillaretur
931 1732 964 1794 in
979 1729 1071 1816 aqud,
1098 1731 1258 1815 superior
1279 1744 1314 1796 et
1331 1731 1414 1814 major

126 1834 270 1920 proxime
291 1858 385 1920 supra
399 1859 512 1921 aquam
527 1837 582 1900 filo
596 1838 707 1901 affixus
729 1850 820 1915 esset,
845 1838 931 1903 etin
952 1841 1024 1901 aere
1046 1837 1245 1915 osculando,
1269 1838 1414 1922 adjumtct

124 1955 245 2007 motum
259 1942 389 2027 penduli
403 1965 537 2029 eumque
551 1943 778 2009 diuturniorem
793 1944 948 2008 redderet.
993 1943 1235 2026 Experimeuta
1249 1957 1354 2009 autem
1365 1942 1414 2006 bot

126 2050 222 2116 modo
235 2050 376 2114 instituta
389 2073 423 2115 se
436 2051 594 2117 habebant
607 2065 643 2118 ut
660 2055 697 2138 (⁰)
712 2052 746 2118 in
760 2053 867 2119 tabulis
882 2065 1031 2139 sequente
1045 2053 1259 2119 describitur.

224 2226 320 2289 Arcus
334 2229 472 2290 descmm
480 2230 583 2310 primo
598 2229 760 2311 descriptus
799 2237 838 2294 16
883 2238 902 2293 8
968 2237 988 2291 4
1063 2235 1083 2290 2
1160 2237 1175 2291 l
1228 2232 1250 2311 ᾖ
1298 2232 1318 2311 ξ

223 2331 320 2394 Arcus
334 2354 455 2396 ascensu
471 2336 576 2396 ultimo
593 2336 755 2416 descriptus
794 2341 833 2397 12
878 2343 897 2398 6
963 2342 982 2397 3
1066 2335 1107 2414 l}
1156 2333 1176 2410 ξ
1224 2332 1246 2410 ξ
1284 2334 1323 2414 1¹3

222 2438 779 2526 Arcuumdiffmotuiamissopropmt.
816 2451 836 2505 4
881 2447 900 2502 2
961 2446 974 2501 t
1080 2441 1102 2519 ᾗ
1151 2439 1171 2517 i
1221 2445 1240 2523 ᾖ
1280 2441 1321 2520 1¹5

110 2566 112 2568 ·
225 2546 373 2612 Numano
387 2549 603 2613 oscillationem
811 2545 1321 2632 8ἓ6ᾰ19ἡ91ᾗ845369ξ

93 2782 98 2788 ·
168 2735 368 2804 Conferendo
384 2741 571 2806 resistentias
584 2741 760 2806 mediorum
774 2740 855 2805 inter
869 2761 912 2816 se,
936 2738 1024 2803 effeci
1042 2738 1144 2802 etiam
1160 2753 1200 2803 ut
1215 2737 1354 2824 pendula
1364 2735 1410 2800 ie·

123 2867 177 2910 rea
199 2847 414 2913 oscillarentur
428 2850 460 2913 in
476 2862 607 2936 argento
621 2850 700 2914 vivo.
745 2848 926 2936 Longitudo
940 2847 985 2911 iili
1000 2848 1095 2912 ferrei
1108 2862 1183 2913 erat
1199 2849 1323 2933 pedum
1342 2865 1409 2933 qut!

123 2951 228 3027 trium,
245 2965 277 3016 et
291 2953 441 3034 diameter
454 2954 540 3040 globi
556 2954 684 3039 penduli
699 2955 787 3039 quasi
801 2954 892 3017 tertia
905 2974 978 3038 pars
993 2951 1093 3038 digiti.
1146 2953 1204 3017 Ad
1223 2955 1315 3017 filum
1328 2967 1407 3015 mter

123 3058 266 3142 proxime
281 3083 376 3146 supra
390 3063 577 3125 mercurium
593 3061 703 3124 affixus
719 3070 785 3124 erat
798 3060 910 3146 globus
925 3059 1002 3121 alius
1016 3057 1196 3141 plumbeus
1208 3061 1288 3126 satis
1302 3078 1408 3146 maguus

127 3165 167 3229 ad
182 3180 301 3230 motum
316 3168 444 3252 penduli
459 3169 574 3231 diutius
590 3166 843 3231 continuandum.
889 3165 973 3228 Tum
988 3164 1169 3243 vasculum,
1187 3168 1282 3254 quod
1292 3165 1408 3251 espirht

124 3273 215 3356 quasi
231 3273 327 3336 libras
343 3287 405 3338 tres
420 3275 540 3360 argenti
562 3275 633 3351 vivi,
655 3273 824 3358 implebam
844 3271 964 3334 vicibus
985 3271 1119 3335 alternis
1143 3288 1288 3361 argento
1310 3275 1407 3336 rirott

125 3379 203 3465 aquit
216 3381 383 3456 communi,
408 3393 443 3444 ut
458 3380 595 3464 pendulo
609 3382 642 3442 in
657 3380 754 3442 fluido
768 3391 900 3463 utroque
916 3375 1089 3440 successive
1106 3379 1292 3458 oscillante,
1314 3374 1408 3442 invem

126 3509 192 3551 rem
207 3488 441 3572 proportionem
457 3489 715 3562 resistentiarum3
731 3499 762 3551 et
777 3486 894 3571 prodiit
908 3486 1086 3550 resistentia
1101 3490 1239 3575 argenti
1252 3491 1315 3553 viri
1327 3488 1363 3552 ad
1373 3508 1407 3547 re·

126 3594 297 3657 sistentiam
313 3617 403 3680 aquoe
418 3608 453 3658 ut
470 3604 509 3660 ts
524 3594 572 3658 vel
591 3604 629 3657 14
645 3593 686 3657 ad
703 3602 716 3656 l
736 3593 873 3656 circiter:
897 3591 929 3654 id
944 3603 1000 3667 est,
1016 3603 1052 3655 ut
1066 3591 1221 3658 densitas
1236 3595 1353 3683 argenti
1364 3588 1407 3652 n‘ti

126 3703 165 3765 sd
181 3703 364 3765 densitatem
380 3725 480 3788 aquae.
527 3701 592 3767 Ubi
606 3701 736 3788 globum
750 3698 921 3784 pendulum
935 3697 1029 3781 paulo
1043 3700 1210 3783 majorem
1232 3700 1408 3771 adhibebat.

127 3809 204 3894 puta
226 3811 313 3893 cujus
336 3809 487 3873 diameter
500 3820 581 3872 esset
595 3807 684 3894 quasi
699 3809 716 3885 l
734 3806 783 3869 vel
799 3807 816 3883 3
831 3816 935 3888 partes
949 3803 1049 3888 digiti,
1074 3805 1239 3887 prodibat
1262 3802 1409 3870 resistenti·

127 3917 247 4003 argenti
261 3916 323 3979 vivi
338 3917 370 3978 in
385 3917 421 3979 ei
437 3915 557 3980 ratione
570 3913 611 3977 ad
627 3912 831 3977 resistentiam
846 3931 945 3995 aquae,
968 3929 1063 3993 quam
1087 3909 1193 3976 habet
1216 3934 1362 3977 numerus
1380 3913 1408 3970 rt

127 4133 129 4137 ’
159 4131 222 4194 (“)·
241 4134 271 4180 Ut
288 4134 522 4180 esordlcireiter.
558 4129 584 4178 Si
602 4129 666 4175 enim
687 4125 755 4200 resis-
787 4136 1000 4201 mmpnoquoque.
1019 4122 1407 4198 qtptodiomtdid'ereatitho

127 4195 243 4243 tantiaiili
254 4205 354 4256 ponebar
370 4206 398 4242 ut
413 4194 483 4256 rupti
499 4195 587 4241 iactum
601 4202 643 4248 est,
660 4189 756 4252 equalis
787 4188 903 4235 allatione
913 4202 961 4233 una
972 4184 1086 4232 mediocri
1101 4189 1407 4248 1.tast;o.sora;.oett;

127 4258 200 4305 tertie
219 4260 279 4318 parti
297 4257 432 4306 resistentia
450 4257 523 4305 totius
534 4258 559 4304 in
570 4257 631 4311 alite
648 4256 691 4302 erit
707 4253 755 4299 iere
787 4257 876 4308 ‚02353
893 4254 981 4306 .0073;
999 4254 1093 4306 .002³;
1114 4258 1198 4301 ‚mlo
1216 4269 1273 4316 qu
1289 4263 1340 4300 nt
1354 4259 1406 4310 μ

128 4322 256 4369 resistentia
271 4321 367 4382 penduli
379 4323 404 4369 in
415 4322 476 4384 aqui
486 4321 517 4368 ad
535 4322 587 4385 ejus
603 4317 754 4370 resistentiam
787 4314 893 4377 proximis
903 4324 930 4360 ut
940 4312 1052 4374 quadrata
1062 4314 1237 4374 velocitatem,
1248 4319 1296 4364 sire
1306 4328 1330 4361 m
1340 4318 1408 4368 ¹⁶3⁴2

129 4408 202 4445 totam
219 4399 244 4445 in
259 4381 754 4500 ιὲηυιὸδὸ-ἦιιᾱιξ-Ῐῦςμευ
789 4379 1406 4509 lpiolmislegissroeffiinmqumibmukoefflw

129 4477 432 4590 lettaniae
446 4485 471 4536 ><
485 4463 754 4544 emissa.
787 4470 976 4581 ιιιιι
993 4465 1405 4596 mara-r·-

164 4603 485 4668 (⁰)·1ntaoutdseqaente.
522 4607 629 4653 Arabum
646 4603 754 4651 differen·
787 4584 943 4641 Pmdffloe'
960 4592 1056 4632 imm
1073 4595 1136 4634 Μ
1146 4586 1176 4634 ἷῦ
1187 4588 1282 4637 Uim
1297 4576 1403 4634 ”md

131 4667 170 4714 tias
188 4667 319 4715 dividantur
338 4684 379 4729 pet
396 4684 520 4717 numerum
541 4668 712 4718 ortillatiottum
730 4668 755 4716 in
787 4656 913 4709 “quem
