3098 5534
182 384 203 440 6
506 367 849 435 PHILOSOPHIAE
866 365 1138 431 NATURALIS
1293 367 1475 446 [Dnrrurr.

182 549 255 627 vim,
272 547 332 634 qui
348 567 462 630 corpus
477 547 510 609 in
525 546 600 610 dato
614 546 723 630 quovis
737 545 814 608 orbe
829 544 901 609 dati
917 566 988 608 cum
1003 545 1166 609 velocitate
1181 545 1324 611 accurate
1346 547 1476 613 retineri

180 659 305 743 possit3
323 672 356 720 et
372 655 506 719 vicissim
529 655 669 717 invenire
695 655 775 716 riam
800 653 1011 730 cttrvilineam‚
1037 655 1069 715 in
1095 676 1189 739 quarn
1213 672 1328 740 corpus
1354 678 1373 719 e
1398 654 1476 719 dato

183 765 376 852 quovisloco
391 763 462 826 datt
479 784 550 825 curn
565 761 727 824 velocitate
743 783 898 847 egressum
915 785 933 824 a
949 760 1021 825 detti
1041 761 1072 822 vi
1093 762 1243 828 flectatur.
1289 763 1348 827 Est
1369 775 1476 827 autern

182 877 228 939 vis
244 875 336 959 hujus
351 874 533 956 centripctoe
548 871 705 957 quantitas
726 869 820 933 trium
842 891 1003 956 generum,
1028 869 1179 950 absoluta,
1207 871 1419 950 acceleratus,
1443 884 1477 936 et

182 985 309 1049 mutrix.

635 1130 883 1198 nnnurno
906 1131 965 1196 v1.
989 1126 1036 1216 (n

189 1288 242 1352 Vis
256 1288 430 1370 centripetae
445 1288 601 1369 quantitas
614 1285 750 1349 absoluto
767 1294 809 1348 est
822 1306 959 1347 mertem
974 1283 1100 1366 ιγ’τιεᾶεηι
1122 1283 1219 1368 major
1240 1287 1287 1348 nel
1299 1286 1479 1370 'minorpro

272 1399 406 1485 efficacia
421 1417 518 1459 causa
532 1419 596 1458 eam
606 1396 813 1479 propagantis
825 1416 846 1455 a
860 1403 962 1456 centro
971 1415 1031 1475 per
1044 1394 1179 1476 regiones
1195 1395 1228 1455 in
1241 1396 1377 1458 circuitu.

231 1549 278 1614 Ut
292 1549 338 1611 vis
355 1546 527 1634 magnetica
541 1568 600 1630 pro
614 1544 697 1609 mole
712 1545 864 1632 magnetis
875 1544 924 1608 vel
939 1543 1114 1608 intensione
1123 1544 1244 1610 virtutis
1254 1546 1355 1629 major
1367 1546 1402 1610 in
1412 1568 1482 1611 uuo

186 1670 340 1747 magnete,
356 1657 459 1720 minor
474 1657 507 1720 in
522 1654 593 1720 alio.

631 1827 880 1896 DEFINITIO
904 1829 980 1893 Vll.
998 1827 1037 1913 (ἦ)

192 1984 245 2049 Vis
259 1983 432 2066 cenntpetae
445 1984 602 2066 quantitas
616 1981 816 2044 acerinatria
838 1989 881 2044 est
905 1981 998 2062 ipsius
1016 2000 1153 2042 mentm
1177 1981 1330 2043 velocitati
1347 2001 1482 2063 prqtor-

543 2091 677 2165 tionalis,
696 2110 783 2171 atam
800 2090 873 2150 dato
888 2096 1019 2168 tempore
1027 2095 1164 2171 generat.

233 2238 289 2304 Uti
306 2237 404 2300 virtus
419 2236 574 2323 magnetis
589 2235 727 2321 ejusdem
743 2236 843 2320 major
858 2234 891 2299 in
919 2234 1032 2297 minori
1054 2234 1211 2310 distantia,
1235 2235 1339 2298 minor
1357 2234 1392 2298 in
1406 2255 1484 2298 ms·

183 2347 266 2433 jori:
290 2347 339 2410 vel
355 2347 400 2410 vis
415 2346 572 2433 gravitans
589 2346 688 2428 major
711 2344 743 2407 in
765 2343 905 2419 vallibus,
929 2343 1031 2405 minor
1054 2342 1086 2405 in
1112 2342 1323 2406 cacuminibus
1346 2343 1483 2407 altonun

188 2456 352 2531 montium,
369 2467 462 2540 atquc
477 2452 580 2516 adhuc
595 2453 698 2514 minor
716 2457 765 2534 (ut
780 2450 910 2534 posthac
924 2449 1055 2533 patebit)
1079 2449 1112 2511 in
1134 2449 1303 2534 majoribus
1327 2448 1483 2515 distantiis

189 2589 209 2629 n
222 2564 318 2652 globo
334 2577 445 2638 terrae3
468 2563 501 2624 in
516 2559 688 2646 aequalibus
709 2572 812 2623 autern
835 2558 989 2622 distantiis
1012 2555 1120 2621 eadem
1144 2556 1292 2642 undique,
1315 2572 1484 2643 propterea

190 2727 305 2788 attingam
322 2725 406 2773 deinde
417 2725 477 2774 circi
493 2741 544 2773 earn
561 2726 698 2784 revolvatur,
715 2726 821 2773 tandern·
853 2726 960 2773 centralis
971 2742 1012 2773 scu
1023 2727 1057 2773 ris
1067 2726 1174 2774 centralis
1184 2727 1300 2790 quantitas
1310 2729 1424 2788 absoluta,
1440 2729 1485 2778 erit

191 2791 273 2853 quein
288 2789 407 2837 infinitum
425 2791 498 2837 abeat
537 2791 571 2837 Ut
589 2789 670 2850 igitur.
679 2805 764 2850 corpus
780 2805 822 2850 per
853 2791 1031 2851 proportionalis
1042 2791 1166 2838 intensioni
1177 2791 1246 2838 visin
1258 2792 1487 2854 singuliselemeutis

192 2865 278 2901 rectam
292 2855 314 2901 E
329 2853 357 2910 F,
368 2852 423 2900 dati
439 2852 560 2901 velocitate
575 2854 709 2914 projectum,
727 2868 821 2900 curvam
853 2854 988 2911 existentia5
1005 2870 1077 2916 quare
1087 2855 1228 2903 sanantibus
1239 2856 1313 2903 massi
1324 2868 1348 2904 et
1363 2857 1386 2904 ri
1403 2856 1484 2922 singu-

192 2918 271 2965 datam
285 2918 307 2964 E
320 2918 346 2972 Q
360 2916 480 2974 describat,
497 2927 561 2965 certa
577 2932 605 2964 ac
622 2917 774 2964 determinata
790 2917 823 2965 uis
855 2918 932 2964 lorum
943 2918 1120 2973 elementorum,
1137 2920 1172 2965 via
1187 2920 1295 2967 cenaui·
1310 2922 1428 2982 quantitn
1443 2922 1485 2969 ab·

193 2982 320 3042 centripeta
335 2980 461 3042 requiritur
469 2999 477 3038 ;
493 2991 518 3028 et
533 2980 648 3029 ricerersi
665 2979 720 3028 deti
738 2980 823 3027 veloci·
855 2981 931 3029 soluta
941 2982 1016 3029 eritin
1028 2983 1115 3030 ratione
1129 2983 1256 3043 compcaitai
1271 2999 1353 3031 masse
1369 2994 1393 3032 et
1408 2985 1485 3034 intan-

194 3055 241 3092 tate
252 3045 383 3093 secundum
393 3054 479 3092 rectam
493 3045 515 3092 E
527 3060 592 3091 eseu
606 3045 629 3092 E
643 3044 670 3097 F.
689 3054 713 3091 et
730 3045 753 3090 ri
770 3060 825 3091 ceo-
856 3045 928 3091 sionis
938 3045 972 3092 via
982 3046 1007 3092 iu
1018 3044 1117 3108 singulis
1126 3047 1246 3094 elementis
1256 3048 1391 3110 equalibus.

194 3109 277 3168 tripeti
298 3109 369 3155 ctiam
391 3108 452 3161 dati.
479 3123 564 3168 corpus
585 3107 678 3154 nonnisi
695 3119 781 3155 certam
799 3123 826 3156 ac
890 3109 978 3172 (²)18.
994 3110 1063 3157 Siris
1073 3110 1181 3156 centralis
1191 3125 1239 3157 non
1250 3110 1351 3173 amplius
1361 3102 1484 3173 incaettrot

194 3173 372 3220 deterruinatam
387 3187 483 3219 curram
504 3171 527 3220 Ε
547 3172 571 3227 Q
589 3181 664 3230 potest
682 3170 825 3228 descnlserct
858 3172 1485 3234 sedinqutcumqneacenuodisunutmnsiderenu,

199 3248 222 3285 et
238 3237 455 3284 matlrctnaticnrum
471 3246 506 3283 est
522 3251 550 3282 ea
571 3235 630 3283 datis
647 3234 767 3282 velocitate
785 3251 827 3296 per
858 3251 983 3295 possumus
994 3237 1018 3284 in
1030 3237 1098 3283 variis
1108 3237 1155 3283 illis
1165 3253 1180 3284 a
1190 3249 1269 3285 centro
1280 3239 1395 3287 distantiis
1405 3256 1485 3302 asper.

196 3311 330 3362 tangentem
344 3301 366 3346 t:
380 3299 401 3346 1³
411 3309 435 3346 et
445 3297 515 3347 curvi
527 3299 550 3347 E
564 3300 667 3361 Qquaru
679 3313 763 3359 corpus
775 3298 825 3346 des-
838 3296 840 3300 ’
859 3299 922 3346 ficies
933 3300 1055 3359 sphericas
1073 3300 1162 3363 tingere
1172 3317 1271 3376 quartun
1290 3317 1417 3351 commune
1430 3320 1486 3352 ceu·

197 3365 272 3418 cribit
284 3364 387 3411 invenire
397 3364 443 3409 rim
460 3364 618 3423 centripetam,
634 3362 682 3424 qui
692 3378 706 3409 a
716 3373 826 3425 tangente
857 3372 920 3410 trurn
930 3365 960 3409 sit
972 3364 1002 3420 T,
1013 3373 1037 3411 et
1047 3364 1081 3410 vis
1091 3365 1198 3411 centralis
1215 3366 1238 3411 in
1255 3364 1301 3412 illis
1316 3365 1431 3414 distantiis
1445 3384 1486 3417 seu

197 3429 322 3476 retrahitur
332 3438 355 3474 et
367 3427 391 3474 in
402 3427 476 3474 orbiti
487 3428 530 3474 sui
540 3428 659 3483 retinetur,
677 3437 701 3474 et
713 3426 828 3487 reciproce
840 3434 850 3457 ··
859 3427 1025 3487 superficiebus
1046 3428 1163 3488 sphaericis
1184 3429 1333 3483 considerata.
1351 3431 1438 3479 dicitur
1453 3433 1488 3480 ris

197 3508 227 3539 es
239 3493 293 3539 dart
303 3492 424 3538 velocitate
434 3500 648 3553 pertangententet
658 3490 680 3537 ri
691 3490 826 3551 ceutripatti,
858 3490 1011 3538 acceleratrir.
1056 3489 1126 3538 lilius
1142 3505 1221 3539 autem
1239 3493 1356 3552 quantitas
1373 3494 1416 3542 crit
1434 3509 1487 3557 pro.

198 3572 293 3603 curram
304 3555 423 3612 iuverim
456 3556 553 3602 uoeduo
570 3555 701 3603 Neartcutts
715 3554 775 3602 miri
790 3570 827 3603 sa·
858 3554 994 3615 portionalis
1015 3554 1125 3602 celeritati
1142 3571 1212 3619 quarn
1234 3556 1289 3604 dato
1306 3572 1348 3604 seu
1367 3569 1488 3608 comata

199 3620 298 3683 gasitate
309 3629 333 3666 et
343 3571 458 3680 eleg-ned
468 3619 571 3680 pcrfedt.
859 3628 963 3679 tempore
973 3619 997 3665 iu
1008 3619 1106 3681 singulis
1122 3621 1224 3667 materias
1240 3620 1361 3667 elementis
1377 3637 1391 3669 a
1408 3632 1489 3671 amru

231 3685 267 3747 (⁸)
286 3689 322 3731 ts.
343 3683 374 3730 lu
384 3693 465 3729 centro
477 3682 607 3737 'llesistere
616 3693 762 3744 mpponatur
776 3699 827 3731 cor·
859 3683 1060 3743 equidistantibus
1074 3682 1203 3742 producet3
1220 3698 1275 3730 uam
1292 3685 1310 3730 si
1327 3700 1489 3745 supponam·

197 3748 568 3811 ptracrqtsoperomnespatium
575 3747 828 3810 ditiuadsturruquoe
860 3746 907 3792 vinu
918 3746 982 3794 illam
993 3757 1136 3794 constantem
1147 3748 1172 3793 in
1183 3748 1297 3794 elementa
1313 3748 1417 3795 materias
1432 3765 1490 3799 cou-

195 3817 264 3875 juata
273 3811 423 3861 directionem
430 3810 548 3858 radiorum
559 3813 580 3858 A
590 3810 620 3868 T,
632 3811 654 3859 tt
664 3810 692 3866 Τ,
703 3811 730 3858 ll
738 3812 768 3865 T.
777 3827 827 3859 rer·
860 3808 928 3858 tinud
938 3826 1014 3873 egere,
1026 3825 1054 3857 eo
1063 3812 1138 3874 major
1148 3812 1192 3859 erit
1202 3826 1250 3873 quo
1259 3812 1334 3874 major
1349 3812 1393 3860 erit
1404 3813 1489 3863 veloci.

197 3877 359 3932 auscenuum,
371 3874 827 3936 autecentrorersisspatiacircumpo-
860 3884 896 3922 tas
905 3874 960 3923 dato
971 3885 1074 3935 oempore
1084 3875 1171 3938 genita,
1183 3875 1215 3923 ita
1224 3875 1280 3922 utsi
1291 3886 1395 3936 tempore
1403 3878 1488 3941 aquali

197 3941 248 3998 sita,
252 3939 321 4004 justi
326 3939 476 3986 directionem
483 3938 608 3993 radiorum,
617 3939 640 3987 Τ
648 3940 679 3993 Α,
689 3939 711 3985 Τ
721 3938 751 3993 Ε.
760 3940 783 3987 T
791 3939 826 3993 ll,
860 3937 934 3998 dupla
943 3949 1069 4000 generetur
1078 3938 1194 3995 velocitas,
1205 3937 1278 4000 dupla
1325 3955 1386 4000 oque
1404 3941 1488 4000 sitris,

198 4015 271 4068 agan
287 4002 429 4052 tastum
445 4002 480 4050 ris
494 4003 536 4049 illa
549 4001 685 4062 oeutripeta,
701 4002 775 4050 ΜΟ.
793 4004 829 4051 ris
859 4017 914 4051 cum
930 4002 1039 4051 velocitas
1052 4002 1094 4051 illa
1108 4003 1139 4049 sit
1154 4002 1217 4049 illius
1232 4003 1267 4049 vis
1313 4014 1379 4050 ectus
1393 4004 1486 4066 planus.

198 4069 338 4129 centrisuga.
349 4067 375 4113 in
386 4075 485 4127 utroque
495 4066 531 4112 ris
541 4066 649 4113 centralis
659 4065 752 4113 dutus.
863 4066 888 4113 Si
898 4076 1006 4113 metm
1021 4075 1114 4113 maneat
1133 4066 1237 4113 celeritas
1254 4082 1269 4113 a
1287 4068 1310 4113 ri
1328 4068 1490 4119 accelcmrioe

233 4132 295 4180 liae
305 4131 340 4177 sia
351 4131 375 4177 in
386 4128 619 4177 mucconsiderata
629 4129 717 4188 duplici
734 4145 829 4190 praser-
861 4131 948 4192 genita,
960 4131 1003 4177 erit
1014 4131 1049 4175 ris
1065 4130 1089 4176 in
1106 4130 1195 4176 ratione
1209 4130 1299 4177 inserat
1315 4132 1426 4192 temporis
1441 4150 1490 4209 quo

200 4195 244 4243 tim
254 4195 343 4242 raticru
354 4194 441 4241 variare
451 4203 543 4255 potest3
562 4193 586 4239 Si
598 4193 661 4241 ειιίω
672 4208 757 4253 corpus
766 4194 830 4256 quod
862 4193 967 4241 celeritas
977 4194 1018 4241 illa
1028 4194 1170 4254 producitur,
1183 4207 1238 4240 nam
1249 4194 1268 4241 si
1285 4194 1367 4241 mum
1384 4198 1490 4247 catastas

199 4270 306 4306 centrum
317 4268 423 4318 occupat,
432 4268 457 4305 et
466 4257 506 4305 cui
516 4258 552 4304 ris
561 4257 630 4312 inest,
640 4257 667 4303 in
678 4272 721 4305 sua
731 4259 829 4320 aptata
860 4267 963 4317 tempore
985 4257 1103 4319 subdupla
1123 4256 1271 4317 producatur,
1294 4259 1328 4305 ris
1346 4259 1487 4320 duplicatur.

198 4322 314 4370 elensenta
323 4322 423 4369 ἀὴίιιιω
434 4320 586 4384 intelligutur,
597 4331 621 4368 et
637 4322 671 4367 ris
686 4321 716 4368 u't
730 4322 830 4383 nugulis
863 4322 943 4379 Quare
953 4321 972 4367 si
983 4333 1093 4369 masema
1104 4322 1126 4367 vi
1136 4330 1262 4374 caumate,
1280 4322 1385 4371 celeritas
1395 4335 1419 4372 et
1429 4335 1489 4373 tem.

198 4386 320 4434 elementis
330 4385 426 4448 aqualis
440 4384 591 4449 ejmdunsp
606 4394 738 4432 constanter
752 4385 829 4432 inteu-
860 4386 1008 4445 postulent,
1018 4384 1254 4432 eritrisacceleratris
1264 4385 1289 4432 in
1297 4387 1386 4435 ratione
1394 4403 1492 4452 mutpo.

199 4449 286 4506 storin
303 4448 655 4510 ristmiuaccaporisoeotralis,
670 4463 713 4503 nu
728 4448 828 4496 ricau-
858 4447 1036 4496 sitiesdirecti
1047 4448 1169 4496 celeritatis
1179 4449 1489 4511 geniteetrsciprocitcns-

200 4514 267 4563 uatis
274 4512 392 4574 quantitas
401 4514 514 4569 absoluta,
531 4514 575 4560 erit
583 4512 718 4560 mhi
728 4526 828 4558 summae
858 4512 927 4571 potia.
948 4512 972 4559 Si
980 4512 1094 4574 igiturvis
1099 4512 1243 4560 acceleravit
1251 4513 1347 4568 dicatur,
1358 4516 1396 4573 (33
1408 4517 1489 4565 celeri.

200 4579 370 4626 claricaturam
391 4577 575 4637 proportionalia
622 4576 657 4624 At
677 4576 699 4622 si
718 4585 827 4623 manem
858 4575 1056 4636 tasprcductaC3
1068 4576 1363 4637 temptuquoproducitur,
1373 4578 1403 4636 T,
1411 4581 1456 4629 erit
1466 4584 1489 4630 G

200 4639 606 4700 mammasti-nant,
623 4639 828 4699 eampum
859 4639 1363 4696 =czr,eo'r=c,ett·=c=
1380 4643 1412 4690 G.
1446 4645 1491 4694 Ll-

201 4720 262 4754 aeus
281 4703 378 4766 malis
397 4703 423 4751 ia
457 4705 463 4716 '
526 4704 531 4715 “
561 4703 684 4752 elneus
701 4702 831 4765 aqutua
861 4711 987 4750 casuum
1004 4701 1076 4750 variet
1091 4702 1126 4749 ris
1141 4702 1294 4761 acceleratris,
1311 4705 1393 4753 eadem
1410 4717 1491 4758 tamen

199 4766 459 4819 meimet!
592 4766 831 4828 ,amum
861 4765 1492 4825 nuuunmmatceunmnmmoe·
