3098 5534
166 340 242 406 xxvi
698 344 925 413 EDITORIS

166 511 264 599 igimr
278 513 440 581 immotam
453 537 532 582 esse.
583 516 774 603 Neutiquam
787 516 929 603 profecto
942 515 1046 602 potuit
1059 514 1135 580 oriri
1149 517 1296 593 mundus,
1311 511 1461 601 pulcher·

166 621 246 687 rima
260 622 430 688 formarum
444 637 477 688 et
491 635 635 689 motuum
648 625 797 690 varietate
811 624 985 703 distinctus,
1001 623 1060 688 nisi
1075 645 1117 687 ex
1130 621 1288 689 liberrimi
1299 621 1460 687 voluntate

98 724 100 731 ’
166 743 280 794 cuncta
292 731 487 814 providentis
500 746 535 797 et
546 732 750 818 gubernantis
762 733 834 798 Dei.

212 836 265 901 Ex
276 836 337 900 hoc
351 839 446 924 igitur
456 838 542 905 fonte
551 854 777 925 promanarunt
787 841 849 906 illae
860 862 969 906 omnes
980 863 1051 927 quae
1062 840 1210 905 dicuntur
1220 851 1342 905 naturae
1352 839 1459 928 leges:

165 944 325 1029 inquibus
339 946 436 1010 multa
451 946 528 1012 saue
540 948 758 1032 sapientissimi
772 950 902 1027 consilii,
917 948 1005 1014 nulla
1018 928 1210 1014 necessitatis
1224 961 1377 1035 apparent
1387 970 1459 1012 res·

165 1052 251 1140 tigia.
296 1053 369 1118 Has
390 1054 523 1138 proinde
536 1077 609 1121 -non
628 1057 669 1121 ab
688 1057 813 1121 incertis
835 1056 1021 1145 conjecturis
1043 1068 1160 1142 petere,
1181 1055 1238 1121 sed
1259 1053 1460 1120 observando
1485 1103 1487 1106 a

166 1174 259 1245 atque
272 1160 464 1244 experiendo
477 1161 638 1228 addiscere
652 1162 811 1228 debemus.
857 1164 922 1241 Qui
937 1184 1020 1228 verae
1030 1162 1169 1249 physicoe
1187 1162 1341 1248 principia
1355 1161 1458 1250 leges·

165 1287 227 1351 que
247 1289 363 1345 rerum,
387 1269 454 1334 sola
474 1272 587 1336 mentis
609 1272 640 1335 vi
657 1285 689 1337 et
703 1272 828 1336 interno
841 1272 970 1336 rationis
983 1271 1103 1335 lumine
1117 1269 1243 1347 fretum,
1259 1269 1400 1334 invenire
1422 1293 1457 1334 se

163 1393 258 1456 posse
271 1374 418 1453 confidit3
441 1377 526 1442 hunc
547 1391 672 1463 oportet
691 1379 742 1443 vel
763 1393 898 1445 statuere
919 1378 1072 1444 mundum
1094 1399 1135 1443 ex
1149 1377 1332 1443 necessitate
1347 1377 1455 1454 fuisse,

164 1480 312 1568 legesque
325 1485 499 1569 propositas
514 1508 556 1552 ex
569 1487 680 1553 eadem
693 1490 876 1554 necessitate
889 1489 994 1574 sequi3
1009 1488 1060 1553 vel
1074 1488 1100 1552 si
1114 1509 1172 1572 per
1183 1486 1376 1552 voluntatem
1390 1486 1456 1550 Dei

164 1588 348 1654 constitutus
362 1591 402 1653 sit
416 1591 496 1656 ordo
509 1605 639 1672 nature,
660 1617 695 1659 se
709 1606 824 1672 tamen,
839 1594 1081 1658 homuncionem
1096 1592 1261 1671 misellum,
1277 1591 1352 1679 quid
1368 1591 1454 1676 opti·

110 1746 114 1752 <
164 1716 251 1760 mum
266 1695 350 1762 factu
364 1697 405 1762 sit
424 1712 623 1784 perspectum
638 1701 764 1768 habere.
809 1704 894 1768 Sana
914 1701 1014 1765 omnis
1030 1712 1062 1764 et
1075 1722 1149 1765 vera
1169 1698 1370 1784 philosophia
1383 1698 1455 1762 fim-

57 1804 65 1821 '
164 1801 257 1867 damn
271 1803 305 1867 in
318 1804 534 1888 phaeaomenis
548 1830 672 1874 rerum:
695 1832 767 1896 quae
787 1809 813 1874 si
827 1832 885 1874 nos
901 1809 951 1873 vel
965 1803 1077 1872 invitos
1092 1819 1124 1872 et
1137 1807 1325 1872 reluctantes
1339 1806 1381 1870 ad
1394 1806 1455 1870 hu·

158 1910 298 1997 jusmodi
325 1912 479 1997 principia
502 1914 672 1994 deducunt,
701 1916 736 1981 in
764 1917 876 2002 quibus
905 1913 1074 1979 clarissime
1096 1926 1266 1978 cernuntur
1288 1913 1454 1978 consiliam

164 2019 318 2104 optimum
333 2035 365 2087 et
385 2022 559 2088 dominium
579 2048 736 2091 summum
758 2024 973 2109 sapientissimi
990 2035 1023 2088 et
1039 2023 1247 2107 potentissimi
1267 2022 1368 2097 eutis;
1389 2010 1455 2086 nori

165 2142 258 2194 erunt
270 2128 339 2196 haec
353 2131 425 2198 ideo
447 2156 512 2200 non
533 2135 724 2200 &minanda
746 2135 909 2220 principia,
932 2132 1018 2220 quod
1032 2130 1218 2218 quibusdam
1232 2130 1336 2195 forsan
1351 2130 1455 2194 homi·

163 2236 258 2301 nibus
271 2238 374 2304 mium
388 2253 478 2328 grata
491 2253 565 2306 suut
578 2241 693 2307 fumra.
750 2241 814 2306 His
836 2240 887 2306 vel
908 2239 1058 2304 miracula
1074 2237 1123 2302 vel
1145 2238 1307 2324 qualitates
1323 2239 1456 2303 occultae

165 2343 320 2424 dicantur,
335 2369 407 2433 quae
420 2347 602 2434 displicent:
624 2370 734 2413 vemm
753 2347 881 2413 nomina
901 2345 1053 2411 malitiose
1075 2344 1172 2409 indita
1195 2367 1259 2409 non
1281 2357 1354 2409 sunt
1376 2345 1454 2430 ipsis

163 2457 260 2521 rebus
274 2456 348 2522 vitio
363 2458 512 2523 vertenda
520 2482 531 2535 ;
546 2458 606 2522 nisi
620 2458 698 2522 illud
712 2457 801 2522 fateri
816 2457 944 2522 taudem
958 2455 1064 2532 velint,
1087 2455 1194 2540 utique
1215 2453 1331 2518 debere
1349 2453 1455 2538 philo·

164 2559 309 2646 sophiam
322 2563 356 2626 in
370 2564 523 2629 atheismo
536 2563 671 2628 fundari.
718 2563 846 2628 Horum
866 2563 1031 2628 hominum
1052 2561 1152 2649 gratiis
1167 2583 1232 2625 non
1246 2562 1306 2625 erit
1320 2560 1455 2625 labefac-

164 2670 258 2734 tanda
275 2671 484 2756 philosophia,
499 2672 651 2759 siquidem
666 2695 773 2738 rerum
787 2672 867 2737 ordo
880 2694 945 2736 non
960 2672 1027 2736 vult
1040 2672 1207 2736 immutari.

209 2776 374 2841 Obtinebit
388 2778 484 2864 igitur
497 2778 583 2862 apud
597 2778 713 2862 probos
727 2791 760 2843 et
773 2800 880 2864 aequos
895 2777 1018 2862 judices
1040 2776 1296 2860 praestantissuma
1314 2773 1455 2859 philoso-

164 2882 283 2968 phandi
294 2884 382 2962 ratio,
395 2884 1230 2970 qmefundaturinexperimentisetobservationihus.¹
1268 2884 1357 2948 Huic
1367 2883 1454 2961 vero,

164 2990 228 3055 dici
242 2991 296 3055 vix
309 2992 434 3076 poterit,
459 3005 575 3078 quanta
589 2992 645 3056 lux
659 2991 796 3070 accedat,
824 3004 940 3078 quanta
954 2991 1100 3077 dignitas,
1123 2991 1164 3055 ab
1179 2991 1240 3055 hoc
1255 3012 1350 3074 opere
1371 3012 1455 3074 prae-

165 3097 251 3162 claro
264 3098 460 3162 illustrissimi
481 3099 581 3162 nostri
595 3099 751 3175 auctoris3
772 3100 860 3184 cujus
875 3098 1022 3163 eximiam
1037 3098 1155 3184 ingenii
1169 3097 1357 3173 felicitatem,
1372 3097 1455 3160 diffi-

165 3205 281 3269 cillima
294 3227 427 3291 quaeque
436 3205 631 3290 problemata
645 3205 820 3282 enodanda,
836 3219 869 3270 et
883 3205 976 3268 adea
989 3204 1086 3289 porro
1099 3206 1305 3291 pertingentis
1319 3204 1361 3268 ad
1383 3228 1455 3291 quoe

164 3337 224 3379 nec
238 3337 309 3400 spes
324 3331 391 3380 erat
404 3316 573 3380 humanam
587 3329 724 3380 mentem
739 3337 901 3402 assurgere
914 3315 1063 3399 potuisse,
1081 3312 1193 3377 merito
1208 3314 1401 3378 admirantur
1423 3330 1456 3378 et

165 3425 340 3507 suspiciunt
354 3425 531 3511 quicunque
545 3423 640 3508 pauli)
654 3422 839 3508 profrmdius
853 3422 885 3484 in
901 3421 986 3486 hisce
998 3421 1090 3485 rebus
1102 3421 1215 3485 versati
1229 3433 1312 3485 sunt.
1359 3422 1455 3485 Clau·

165 3534 236 3598 stris
251 3532 327 3620 ergit
342 3535 493 3610 reseratis,
518 3533 637 3598 aditum
652 3532 742 3596 nobis
757 3531 879 3617 aperuit
893 3531 933 3594 ad
951 3529 1163 3614 pulcherrima
1177 3552 1282 3593 rerum
1296 3530 1454 3615 mysteria.

167 3644 348 3731 Systematis
372 3643 522 3707 mundani
547 3664 730 3729 compagem
755 3639 1018 3727 elegantissimam
1040 3639 1084 3702 ita
1105 3637 1232 3702 tandem
1252 3638 1398 3723 patefecit
1423 3654 1456 3704 et

164 3749 300 3838 penitiris
313 3749 573 3836 perspectandam
587 3749 691 3826 dedit;
714 3759 750 3812 ut
771 3768 830 3810 nec
848 3746 925 3830 ipse,
947 3748 973 3809 si
995 3768 1079 3809 nunc
1093 3745 1300 3823 revivisceret,
1322 3767 1380 3809 rex
1395 3747 1455 3812 Al·

165 3860 305 3946 phonsus
320 3859 370 3922 vel
386 3856 615 3941 simplicitatem
629 3855 680 3920 vel
699 3853 871 3919 harmoniae
885 3853 1018 3939 gratiam
1032 3852 1065 3916 in
1080 3874 1117 3916 ea
1131 3850 1332 3916 desideraret.
1389 3854 1455 3918 Ita-

165 3992 227 4056 que
241 3982 361 4034 naturae
375 3967 567 4052 majestatem
580 3964 710 4051 propitia
720 3966 786 4050 jam
800 3963 874 4028 licet
883 3963 1007 4041 intueri,
1023 3975 1056 4027 et
1069 3962 1248 4027 dulcissima
1262 3963 1454 4047 contempla-

164 4081 251 4144 tione
264 4080 335 4156 frui,
358 4077 552 4143 conditorem
566 4077 641 4142 vero
655 4098 692 4140 ac
706 4075 868 4139 domiuum
883 4074 1098 4136 universorum
1113 4071 1283 4156 impensids
1298 4072 1401 4136 colere
1422 4086 1455 4141 et

166 4192 316 4267 venerari,
347 4190 401 4276 qui
429 4187 546 4252 huctus
572 4199 619 4251 est
642 4184 851 4270 philosophiae
875 4182 975 4246 multo
999 4182 1185 4246 uberrimus.
1231 4181 1360 4244 Caecum
1385 4205 1454 4248 esse

165 4313 299 4384 oportet,
315 4300 369 4384 qui
384 4321 424 4362 ex
438 4297 563 4382 optimis
579 4308 610 4359 et
625 4293 856 4378 sapientissimis
872 4313 976 4355 rerum
992 4290 1154 4354 structuris
1169 4310 1234 4351 non
1248 4291 1352 4352 statim
1367 4289 1453 4354 vide-

165 4423 198 4474 at
214 4408 421 4472 Fabricatoris
436 4405 656 4491 omnipotentis
670 4404 824 4468 infinitam
839 4401 1021 4486 sapientiam
1036 4414 1068 4464 et
1081 4400 1269 4464 honitatem:
1295 4402 1452 4481 insanum,

165 4517 218 4602 qui
234 4515 374 4599 profiteri
388 4514 476 4578 nolit.
