3098 5534
108 429 218 494 aaa
234 425 396 506 nataae]
461 424 702 494 autunum
725 380 1096 493 naruannarca.
1321 430 1384 487 aaa

108 600 278 664 trahentem
302 600 339 684 (θ)
362 599 470 686 augeri
494 600 526 662 in
553 599 718 677 infinitum,
742 612 863 663 constat
888 620 946 682 per
971 597 1155 662 solutionem
1180 595 1385 661 Problematis

108 705 202 770 XLI.
217 705 250 766 in
264 704 408 787 exemplo
423 703 560 768 secundo
574 727 610 768 nc
624 706 716 768 tertio
736 703 916 769 exhibitam.
961 702 1061 779 Idem,
1085 723 1143 785 per
1168 702 1311 785 exempla
1333 701 1395 764 illa

106 821 139 874 et
154 807 331 873 Theorema
346 807 439 872 XLI.
462 808 542 872 inter
556 830 590 872 se
605 807 725 886 collata,
748 805 784 890 (‘)
797 806 887 873 facile
909 806 1065 893 colligitur
1089 805 1130 870 de
1152 806 1385 871 attractionibus

107 936 274 998 corporum
287 935 394 978 versus
408 913 499 978 orbes
514 934 829 988 concavo-convexus,
845 913 909 979 sive
928 932 1060 997 corpora
1081 923 1210 977 attracta
1231 911 1386 978 collocen-

107 1035 158 1083 tur
172 1032 261 1085 extra
275 1018 381 1096 orbas,
394 1019 459 1084 sive
473 1019 555 1084 iutra
568 1021 603 1083 in
616 1040 724 1085 corum
738 1019 929 1085 novitatibus.
975 1019 1039 1086 sid
1052 1031 1084 1085 et
1097 1016 1243 1087 addendo
1256 1018 1306 1084 vel
1330 1042 1386 1085 au·

106 1126 235 1191 ferendo
249 1125 298 1189 his
313 1125 443 1209 spbaeris
466 1139 498 1190 ct
519 1126 647 1191 orbibus
672 1126 772 1190 ubivis
797 1138 886 1191 extra
909 1124 1014 1191 locum
1038 1136 1199 1192 manetur
1221 1125 1384 1191 materiam

107 1231 277 1316 quamlibet
289 1230 492 1309 attractirsm,
507 1230 547 1297 eir
560 1242 596 1295 nt
608 1252 741 1316 corpora
760 1231 922 1299 naama
940 1231 1073 1301 induant
1085 1231 1226 1318 *figuram
1247 1230 1385 1315 quamvis

108 1339 305 1426 assignatam,
322 1338 476 1402 constabit
491 1338 668 1423 Propositio
681 1338 722 1403 de
736 1339 918 1424 corporibus
932 1339 1092 1404 universis.
1131 1339 1173 1414 Q.
1189 1361 1216 1403 e.
1232 1338 1263 1401 d.

250 1568 533 1637 PROPOSI'I’IO
556 1566 773 1637 LXXXVII.
818 1566 1088 1638 THEOREMA
1111 1570 1236 1639 XLIV.

106 1707 142 1786 a·
154 1742 277 1805 corpora
292 1722 349 1785 aa
362 1718 420 1785 aa
433 1720 553 1786 ararem
566 1720 687 1798 amaria,
701 1730 732 1785 a
752 1743 789 1791 ea
809 1719 935 1786 macria
956 1721 1112 1806 aquaria
1135 1721 1296 1788 anastas
1317 1744 1386 1786 ω..

150 1829 273 1905 stantia,
287 1829 404 1893 uorriar
417 1826 573 1893 asculana
587 1829 754 1910 mrpusmh
768 1828 825 1893 sibi
839 1831 911 1910 aitaris
919 1829 1162 1911 proportionalia
1183 1841 1212 1894 et
1232 1834 1275 1894 ad
1294 1853 1325 1896 rc
1344 1833 1388 1895 si-

149 1935 260 1997 militer
278 1934 402 2015 posita.-
433 1934 864 2012 attractiones·aoceleratrices
885 1935 1114 2016 capannam
1133 1934 1166 1995 ia
1179 1954 1304 2018 corpora
1323 1942 1386 2001 toto

150 2049 236 2102 crant
249 2048 282 2101 at
295 2037 487 2102 attractiones
499 2037 716 2103 aseekrotricer
727 2038 957 2121 manabant
971 2039 1005 2102 ia
1018 2059 1114 2103 eoram
1129 2041 1298 2123 partiarios
1318 2042 1388 2113 lotia

144 2147 391 2230 proportionales,
406 2146 483 2210 etia
496 2146 567 2209 totis
580 2146 717 2210 similiter
725 2147 850 2228 paritas.
1045 2162 1048 2167 ·
1413 2152 1416 2159 '

151 2309 235 2377 Nam
250 2310 275 2374 si
289 2331 422 2395 corpora
435 2309 665 2397 distinguantur
679 2311 712 2375 in
725 2311 901 2396 particulas,
925 2335 996 2399 quae
1010 2313 1072 2378 sint
1085 2313 1158 2378 totis
1172 2316 1388 2400 proportiona-

107 2417 162 2494 les,
179 2428 211 2481 et
224 2417 257 2479 i'n
272 2415 346 2480 totis
361 2415 501 2481 similiter
523 2416 609 2493 sitae3
631 2415 699 2494 erit,
727 2429 762 2479 ut
787 2416 928 2482 attractio
954 2418 987 2481 in
1011 2419 1194 2503 particulam
1219 2421 1389 2507 quamlibet

107 2522 199 2585 unius
215 2521 352 2606 corporis
368 2520 408 2583 ad
424 2520 637 2585 attractionem
651 2520 684 2583 in
698 2521 882 2605 particulam
896 2523 1189 2608 correspondentem
1210 2524 1243 2587 iu
1257 2546 1388 2610 corpore

108 2631 215 2710 altero,
231 2630 275 2694 ita
289 2629 486 2695 attractiones
500 2627 715 2713 inparticulas
729 2629 866 2716 singulas
880 2631 973 2714 primi
987 2617 1126 2721 corporis
1140 2631 1181 2697 ad
1190 2631 1389 2698 attractiones

108 2742 141 2804 in
157 2740 282 2805 alterius
295 2739 462 2823 particulas
478 2737 615 2824 singulas
629 2737 924 2820 correspondentes‚;
946 2750 978 2805 et
988 2738 1214 2824 componendo,
1224 2738 1386 2807 itaattrsc·

108 2848 153 2911 tio
178 2848 211 2910 in
237 2856 337 2910 toturn
360 2844 495 2928 primum
522 2865 636 2926 corpus
661 2843 702 2926 (¹)
725 2843 765 2906 ad
790 2844 1002 2910 attractionem
1023 2846 1057 2910 in
1081 2855 1181 2911 totum
1207 2844 1387 2913 secundum·

110 2954 152 3029 Q.
168 2977 195 3017 e.
210 2951 241 3016 d.

141 3103 177 3166 (²)
195 3105 209 3131 ⁶
226 3102 315 3162 Augsri
329 3102 355 3148 ia
374 3101 495 3223 inplicitum
514 3106 608 3155 ccam

108 3168 151 3214 aa
187 3166 253 3227 (aar.
267 3168 321 3212 aar.
335 3166 388 3215 aar.

142 3228 173 3293 (¹)
192 3230 205 3258 ·
223 3227 302 3277 Facit
312 3228 423 3286 magna
433 3229 461 3272 ce
468 3225 609 3272 maranat-

109 3296 158 3350 bus,
170 3293 211 3339 &a
231 3295 286 3338 528.
299 3294 354 3337 530.
367 3294 422 3338 532.
434 3293 490 3336 5³5.
503 3290 557 3336 536·

143 3355 177 3419 (Ι)
194 3359 250 3403 589.
267 3357 281 3384 ⁵
298 3354 338 3399 Ad
355 3354 512 3400 acacianam
530 3352 556 3398 ta
575 3357 609 3397 a·
664 3344 692 3409 B

109 3430 161 3468 tuas
172 3421 305 3466 uramara
337 3414 441 3474 Corpora
451 3412 537 3461 similia
546 3413 578 3469 Α,
587 3428 609 3469 a,

109 3482 204 3530 seorsim
215 3481 331 3528 attraham
340 3476 478 3537 corpuscula
490 3476 518 3528 C.
536 3491 549 3523 c
566 3475 609 3522 ribi

109 3545 165 3606 ipsis
180 3542 359 3605 proportionalia
375 3550 399 3587 et
416 3541 446 3586 ad
463 3553 488 3586 aa
504 3536 609 3585 similiter

109 3609 191 3669 posita,
203 3607 295 3667 sintque
308 3605 336 3661 P,
348 3620 363 3665 p
374 3603 494 3664 particula
508 3601 563 3648 totis
576 3603 608 3658 Α,

109 3689 132 3727 a,
149 3668 329 3731 proportionales
348 3678 371 3715 st
387 3667 413 3713 in
432 3666 487 3713 totis
504 3664 608 3712 similiter

109 3735 160 3781 aira
181 3743 205 3780 ct
223 3731 327 3779 attractio
343 3730 459 3778 decem
477 3728 502 3777 in
520 3726 608 3776 mticns

110 3796 230 3860 dignitatis
240 3795 407 3847 distantiarum.
419 3792 487 3854 cujus
498 3791 528 3838 sit
538 3790 608 3836 index

110 3876 141 3918 n;
158 3857 316 3906 critattrcctio
326 3855 456 3917 corpusculi
469 3852 489 3903 C
502 3856 527 3900 in
537 3853 607 3913 parti-
655 3855 690 3924 1)

108 3922 186 3970 culam
200 3921 261 3968 Pad
278 3920 436 3968 attractionem
453 3916 608 3977 corpusculis

109 3984 422 4046 inpam'culamp.utP>(
436 3980 605 4040 petam<

113 4051 200 4097 Pet
237 4046 456 4105 Undincorpora
474 4047 494 4091 A
513 4043 608 4090 atain

110 4111 234 4172 particulas
249 4111 383 4157 innumeras
397 4117 425 4155 ut
443 4107 497 4154 Pet
508 4122 523 4167 p
536 4105 608 4152 divisa

110 4174 277 4238 intelligantur,
289 4173 338 4227 crit
350 4170 516 4231 componendo,
525 4179 607 4217 sasso

110 4239 144 4285 tio
154 4236 285 4298 corpusculi
298 4239 318 4283 C
330 4236 354 4284 ln
365 4245 441 4282 toturn
449 4249 532 4295 corpus
545 4233 607 4280 And

108 4302 268 4349 abactionem
289 4297 418 4358 corpusculi
439 4311 453 4345 c
480 4296 504 4343 in
531 4305 606 4343 toturn

108 4359 606 4424 empurauthpc'adpxPC',

108 4428 170 4489 quod
182 4427 301 4487 particula
312 4440 393 4471 omncs
406 4424 433 4477 Ρ,
441 4436 457 4531 p
466 4425 512 4469 sint
520 4421 605 4484 ubique

108 4492 162 4537 totis
173 4492 260 4537 similes
270 4501 293 4536 ct
304 4489 328 4535 in
346 4489 373 4533 iis
389 4487 440 4533 simi
451 4489 493 4532 'tar
509 4488 566 4542 rita,
582 4496 606 4532 ct

107 4554 223 4601 «fidantias
232 4569 310 4600 aarum
319 4550 479 4609 acorpuarulis
488 4550 515 4606 C,
525 4564 606 4596 cccm-

106 4633 149 4679 ρετ
168 4627 276 4665 maneant
295 4613 474 4676 proportionales
493 4612 606 4660 aaanuis
