3098 5534
91 374 301 478 neuster
426 396 670 463 rumorem
693 394 1065 462 ιιιτιιιιιιιτιοιι
1354 403 1389 460 ιι

132 564 248 631 Motus
262 566 441 649 proprietas
455 577 511 644 est,
527 565 614 651 quod
628 577 742 656 partes,
757 587 830 650 quae
838 564 1066 631 datas-servant
1077 563 1247 649 positiones
1258 563 1300 629 ad
1310 575 1387 643 tota,

84 673 278 757 participent
291 685 399 735 motus
412 672 585 736 eorundem
600 683 748 736 totorum.
794 672 878 735 Nam
897 672 1077 757 gyrantium
1092 682 1196 754 partes
1212 672 1260 756 (¹¹¹)
1277 692 1387 737 omnes

84 793 243 844 conatum
256 779 407 844 recedere
421 779 461 843 ab
476 800 538 843 axe
552 792 664 857 motus,
681 792 714 842 et
726 778 996 865 progredientium
1007 779 1142 862 impetus
1150 778 1251 843 oritur
1261 800 1302 842 ex
1312 799 1388 843 con·

79 892 194 975 juncto
210 890 330 972 impetu
344 889 482 972 partium
497 888 701 975 singularum.
747 887 846 951 Motis
861 887 957 974 igitur
971 885 1156 970 corporibus
1167 885 1387 963 ambientibus,

83 1010 255 1062 moventur
268 1018 342 1082 quae
364 997 396 1059 in
421 995 630 1060 ambientibus
656 993 785 1059 relative
808 994 980 1079 quiescunt.
1027 993 1070 1056 Et
1092 1005 1260 1077 propterea
1282 1004 1386 1056 motus

83 1128 179 1171 verus
193 1119 228 1170 et
248 1104 413 1168 absolutus
435 1102 559 1168 definiri
580 1102 690 1187 nequit
710 1123 768 1185 per
790 1101 1027 1166 translationem
1041 1123 1059 1164 e
1073 1099 1186 1165 viciniis
1206 1121 1385 1184 corporum,

82 1233 157 1298 quae
171 1224 326 1297 tanquam
340 1210 532 1295 quiescentia
546 1220 737 1293 spectantur.
782 1207 912 1272 Debent
925 1207 1009 1270 enim
1020 1228 1156 1291 corpora
1169 1218 1301 1270 externa
1320 1227 1387 1271 nou

81 1320 187 1385 solum
205 1331 357 1406 tanquam
372 1318 563 1403 quiescentia
578 1317 723 1401 spectari,
747 1315 803 1378 sed
825 1316 918 1379 etiam
934 1312 1006 1378 vere
1021 1314 1190 1398 quiescere.
1235 1312 1386 1398 Alioquin

79 1426 206 1490 incluse
219 1425 336 1503 omnia,
360 1436 477 1509 praeter
498 1423 735 1488 translationem
750 1445 768 1486 e
783 1420 894 1484 sicinii
917 1418 1132 1497 ambientium,
1154 1418 1388 1503 participabunt

80 1535 177 1600 etiam
192 1533 401 1598 ambientium
416 1544 520 1595 motus
535 1552 646 1606 veros,
671 1541 704 1594 et
725 1528 847 1593 sublati
863 1527 916 1591 illi
930 1527 1135 1592 translatione
1149 1548 1215 1591 non
1229 1524 1302 1590 rere
1316 1526 1386 1612 qui-

79 1651 200 1718 escent,
228 1639 286 1704 sed
309 1650 460 1723 tanquam
483 1636 674 1722 quiescentia
695 1633 894 1700 solummodo
915 1633 1149 1718 spectabuntur.
1196 1633 1279 1698 Sunt
1291 1631 1387 1699 euim

78 1746 255 1813 ambientia
269 1744 311 1809 ad
325 1743 456 1822 inclusa,
473 1755 508 1807 ut
522 1744 618 1807 totius
631 1764 705 1826 pars
720 1741 857 1806 exterior
871 1739 913 1804 ad
927 1753 1050 1824 partem
1063 1738 1257 1823 interiorem,
1280 1745 1331 1810 vel
1351 1759 1388 1811 ut

79 1867 193 1919 cortex
208 1852 252 1916 ad
265 1850 424 1915 nucleum.
471 1850 565 1918 Moto
579 1862 685 1916 autem
699 1848 824 1933 cortice,
840 1846 971 1913 nucleus
986 1846 1091 1932 etiam,
1106 1846 1174 1914 sine
1185 1853 1386 1920 translatione

78 1961 121 2025 de
134 1959 249 2028 sicinii
266 1959 401 2039 corticis,
418 1980 475 2025 cen
490 1982 562 2045 pars
578 1962 673 2026 totius
688 1974 840 2027 movetur.
1155 1958 1160 1967 ’

123 2069 326 2136 Praecedenti
339 2070 525 2154 proprietati
539 2070 639 2134 affinis
655 2082 711 2148 est,
724 2070 810 2156 quod
820 2083 911 2147 moto
918 2071 989 2136 loco
1001 2084 1146 2138 movetur
1155 2074 1219 2138 und
1228 2075 1384 2140 locatum:

76 2177 217 2264 ideoque
232 2198 360 2261 corpus,
376 2176 463 2261 quod
477 2175 519 2240 de
533 2176 604 2240 loco
619 2189 706 2241 moto
719 2190 872 2256 movetur,
889 2179 1056 2263 participat
1070 2180 1164 2243 etiem
1179 2180 1241 2244 loci
1255 2182 1303 2245 sui
1316 2202 1384 2246 mo-

78 2299 157 2349 tum.
190 2285 243 2368 (¹²)
260 2283 373 2348 Motus
388 2282 485 2370 igitur
499 2304 619 2360 omnes,
635 2284 689 2369 qui
703 2283 746 2348 de
760 2284 840 2348 locis
854 2285 948 2348 motis
963 2284 1054 2361 fiunt,
1071 2298 1145 2348 sunt
1154 2297 1258 2368 portes
1269 2287 1384 2350 solum·

78 2390 176 2454 modo
190 2403 338 2453 motuum
352 2389 549 2475 integrorum
565 2401 597 2453 et
610 2388 845 2454 absolutorum:
869 2401 901 2453 et
914 2401 1017 2479 motus
1033 2389 1135 2453 omnis
1154 2390 1278 2477 integer
1297 2413 1384 2455 com·

77 2498 209 2582 ponitur
224 2519 266 2561 ex
280 2509 371 2561 motu
385 2497 526 2581 corporis
539 2496 580 2561 de
594 2497 665 2561 loeo
680 2520 738 2561 sno
752 2498 865 2582 primo,
881 2509 914 2562 et
934 2509 1024 2562 motu
1047 2498 1110 2562 loci
1133 2498 1226 2583 hujus
1249 2499 1290 2563 de
1312 2499 1383 2564 loco

77 2628 146 2683 sno,
166 2617 200 2670 et
216 2605 264 2669 sic
277 2603 446 2688 deinceps3
469 2604 658 2690 usquedum
673 2606 873 2689 pervenietur
896 2607 936 2670 ad
960 2606 1064 2671 locum
1088 2607 1263 2686 inmotum,
1290 2619 1326 2673 ut
1350 2610 1382 2672 in

78 2713 230 2797 exemplo
244 2724 352 2775 nautte
367 2733 463 2796 supra
476 2725 661 2775 memorato.
701 2712 915 2778 Unde-motus
930 2715 1045 2801 integri
1060 2725 1092 2779 et
1102 2713 1236 2779 absoluti
1246 2736 1311 2779 non
1322 2716 1384 2781 nisi

78 2841 134 2904 per
149 2818 224 2883 loca
237 2818 369 2899 immota
382 2816 508 2881 definiri
522 2831 672 2903 possunt:
699 2832 731 2883 et
745 2833 913 2904 propterea
926 2821 984 2884 hos
998 2820 1040 2894 sd
1054 2821 1124 2885 loca
1138 2822 1277 2900 immota,
1301 2821 1382 2886 rela-

79 2929 160 2992 tivos
175 2926 219 2990 sd
233 2925 366 2990 mobilia
381 2948 476 3011 supra
487 2928 590 2992 retuli.
635 2929 722 2992 Loca
733 2942 837 2994 autem
853 2931 982 2995 immota
992 2953 1057 2994 non
1067 2945 1150 3009 sunt,
1161 2932 1220 2997 nisi
1231 2954 1302 3019 quse
1314 2954 1382 2996 om·

79 3036 131 3099 nia
144 3034 187 3099 ab
202 3034 331 3097 infinito
345 3035 379 3098 in
393 3034 551 3099 inlinitum
561 3034 650 3100 datas
661 3051 785 3101 servant
795 3039 965 3121 positiones
977 3039 1017 3102 ad
1027 3039 1177 3118 invicem3
1200 3052 1293 3126 atque
1302 3040 1381 3106 adeo

81 3168 206 3230 semper
222 3158 351 3233 manent
364 3145 504 3222 immota,
518 3145 715 3233 spatiumque
730 3148 923 3211 constituunt
938 3146 1023 3234 quod
1032 3148 1192 3213 immobile
1203 3149 1337 3234 appello.

123 3257 253 3333 Causae,
271 3255 384 3340 quibus
400 3265 504 3317 motus
517 3255 584 3318 veri
598 3267 630 3317 et
644 3253 765 3318 relativi
780 3254 1015 3342 distinguuntur
1029 3256 1070 3320 ab
1084 3257 1225 3334 invicem,
1250 3269 1323 3321 sunt
1337 3258 1381 3322 vi·

81 3384 128 3428 res
142 3364 176 3426 in
191 3382 330 3446 corpora
344 3362 504 3445 impressae
519 3361 695 3427 admotum
710 3363 934 3450 generandum.
981 3363 1091 3428 Motus
1107 3386 1197 3428 verus
1213 3370 1272 3429 ne'c
1285 3388 1381 3454 gene-

81 3485 166 3533 ratur
180 3491 242 3533 nec
258 3480 409 3545 mutetur,
426 3469 486 3531 nisi
500 3490 558 3553 per
573 3469 654 3531 vires
677 3469 709 3531 in
733 3470 835 3553 ipsum
858 3491 972 3554 corpus
995 3482 1116 3534 motum
1138 3471 1324 3554 impressas:
1349 3487 1380 3537 at

80 3592 181 3642 motus
196 3577 348 3641 relativus
363 3576 508 3663 generari
524 3589 555 3640 et
568 3577 683 3639 mutari
697 3587 800 3660 potest
815 3577 881 3640 sine
896 3577 1013 3640 viribus
1028 3578 1185 3662 impressis
1197 3578 1229 3639 in
1240 3577 1302 3641 hoc
1311 3599 1380 3641 cor·

79 3709 145 3772 pus.
183 3686 312 3753 Sufficit
325 3685 411 3751 enim
427 3698 462 3749 ut
476 3687 674 3770 imprimetur
688 3687 721 3749 in
736 3685 798 3750 alie
812 3686 913 3749 solum
931 3708 1063 3770 corpora
1077 3686 1117 3749 ad
1132 3707 1203 3771 quae
1214 3686 1250 3749 fit
1258 3686 1378 3766 relatio,

80 3808 112 3858 nt
126 3796 166 3858 iis
180 3792 370 3857 cedentibus
385 3805 523 3856 mutetur
538 3793 648 3856 relatio
663 3792 717 3857 illa
731 3794 764 3855 in
779 3793 839 3878 qui
856 3792 947 3877 hujus
959 3793 1046 3878 quies
1057 3792 1106 3856 rel
1119 3806 1221 3856 motus
1232 3793 1378 3860 relativus

81 3901 230 3965 consistit.
257 3901 398 3964 Rursum
413 3911 517 3963 motus
528 3921 621 3964 verus
632 3922 652 3964 a
662 3900 779 3964 viribus
790 3900 822 3962 in
835 3922 948 3985 corpus
959 3914 1078 3964 motum
1088 3901 1245 3984 impressis
1255 3923 1379 3986 semper

80 4024 218 4075 mutatur
226 4034 235 4087 ;
259 4023 291 4074 at
305 4024 410 4074 motus
426 4010 572 4074 relativus
588 4010 628 4073 ab
642 4007 691 4072 his
707 4009 824 4073 viribus
839 4030 904 4071 non
919 4020 1057 4079 mutatur
1070 4009 1253 4072 necessario.
1293 4011 1376 4074 Nam

80 4122 104 4184 si
118 4121 241 4185 eaedem
256 4119 340 4184 vires
356 4120 387 4181 in
406 4119 467 4182 alia
482 4119 574 4183 etiam
591 4141 734 4202 corporo,
751 4118 792 4182 ad
807 4140 878 4204 quae
892 4117 930 4180 iit
951 4116 1072 4195 relatio,
1094 4117 1138 4180 sic
1158 4117 1376 4201 imprimantur

79 4253 153 4302 partes
162 4240 265 4289 cbcnloe
274 4239 414 4294 &mibunt
432 4248 456 4286 ct
471 4241 501 4287 ab
519 4238 611 4286 illorum
628 4239 713 4286 centris
744 4239 781 4294 ris,
794 4253 836 4286 seu
847 4248 952 4298 respectu
965 4237 1009 4284 loci
1020 4235 1124 4293 secundi,
1133 4246 1191 4283 etex
1201 4236 1317 4287 celeritate
1324 4255 1374 4290 ma

79 4320 117 4367 prr
125 4315 253 4369 tangentes
261 4304 367 4367 effligere
376 4314 498 4360 conantur,
516 4319 618 4365 cunique
633 4303 713 4350 omnia
745 4304 776 4349 ris
786 4312 891 4362 respectu
903 4301 970 4363 spatii
981 4300 1078 4347 immoti.
1107 4300 1131 4346 Si
1142 4310 1220 4346 eutem
1229 4312 1308 4351 motus
1315 4320 1375 4353 nnu-

80 4371 117 4419 th
125 4379 209 4419 oenus
218 4368 268 4416 sint
277 4370 302 4415 in
312 4382 359 4415 axe
367 4367 447 4415 motis
457 4367 537 4429 posita
549 4367 649 4431 singula
659 4382 712 4428 por·
745 4377 782 4421 tte,
794 4365 870 4413 motui
881 4365 946 4413 navis
956 4364 1016 4413 ittet
1026 4362 1112 4412 directe
1127 4364 1253 4441 oppositus,
1270 4368 1376 4444 absoluta

79 4437 151 4562 ,ὅ
160 4448 207 4547 ἷξε
217 4431 452 4545 mulmis?
460 4495 609 4544 deambulare
625 4510 711 4556 mppc-
744 4427 1374 4555 iddrtbdraepemnu'sbnatiiridrbibiioedtnbaffltdnrt

81 4570 294 4623 nummusque
303 4559 369 4630 pavis
379 4570 403 4607 et
418 4569 496 4607 naute
512 4560 651 4621 conspirent,
674 4559 711 4606 in·
743 4568 823 4633 spectu
835 4550 907 4607 navic
929 4556 1049 4632 ¹Tandem
1060 4556 1080 4603 si
1090 4565 1170 4631 motus
1180 4566 1258 4605 nnutae
1268 4570 1374 4620 respectu

152 4636 177 4674 et
187 4624 299 4674 Mur·
308 4632 388 4670 nauta
398 4624 502 4699 celerius
517 4623 666 4699 cotnpqnitur
681 4637 711 4699 ιιι
744 4637 809 4670 nans
819 4622 879 4697 fqret
889 4621 1004 4696 obliquus,
1015 4619 1079 4668 rlltus
1089 4619 1185 4696 directio
1195 4631 1219 4697 et
1229 4622 1337 4699 velocitqs
1347 4624 1373 4671 in

203 4697 287 4737 nant!
296 4697 403 4747 rapat:
419 4686 464 4735 loct
480 4686 517 4734 sui
532 4702 602 4748 prum
613 4701 638 4733 ιιι
648 4700 710 4743 mvi,
744 4685 804 4734 dum
813 4686 871 4734 aliu
882 4685 1020 4733 directiones
1030 4683 1192 4733 etvelocrtates
1201 4694 1233 4733 tta
1242 4686 1324 4733 resolvi
1331 4688 1373 4736 do·

79 4750 712 4814 nmhdssffimidmnavisrespsrtuma·
744 4752 808 4811 beot,
820 4747 1372 4830 utumdirertiommaliorummotuumocm·
