3098 5534
464 925 466 929 ’
593 959 872 1041 nanum

360 1206 1105 1311 MATHEMATICARUM

602 1482 860 1560 sTUDIOSIS,

167 1736 701 1818 PHILOSOPHIAE
736 1732 1270 1818 NEWTONIANAE

564 1993 905 2061 INTERPRETES.

651 2254 818 2277 m

70 2454 205 2556 Qum
233 2475 400 2540 resonata
422 2477 485 2541 sint
509 2473 603 2541 simu
627 2488 661 2540 et
684 2474 774 2541 usna
799 2470 1014 2556 Philosophiae
1036 2465 1196 2533 naturus
1222 2462 1382 2547 rosana

74 2605 326 2682 Mathematicm
342 2617 460 2668 norunt
482 2605 505 2668 ii
528 2601 638 2670 omnes
654 2606 708 2692 qui
723 2605 772 2669 vel
795 2606 898 2689 ipsum
912 2601 1075 2667 clarissimi
1090 2597 1242 2664 Authoris
1266 2616 1383 2659 nomen

77 2738 264 2803 audierunt.
312 2737 418 2800 Tanta
439 2748 487 2801 est
509 2760 616 2801 rerum
638 2737 774 2826 dignitas
798 2747 891 2822 atque
914 2734 1096 2810 sublimitas,
1120 2744 1208 2796 tanta
1230 2727 1382 2794 sermonis

81 2865 254 2951 piusquam
269 2866 461 2952 geometrica
474 2866 622 2945 brevitas,
640 2880 676 2932 ut
689 2866 986 2952 praestantissimum
1000 2862 1079 2927 illud
1093 2884 1173 2947 opus
1188 2858 1382 2945 paucissimis

88 2994 245 3057 duntaxat
259 2994 429 3080 geometris
445 2993 561 3059 factum
576 2996 727 3063 videatur.
775 2996 841 3061 Eas
855 2996 897 3060 ob
912 3017 1020 3060 causas
1035 2993 1110 3059 vitis
1124 2992 1299 3057 matheseos
1314 2989 1381 3054 cul·

87 3123 239 3208 tiorisque
253 3119 401 3208 physices
417 3123 563 3187 studiosis
577 3124 787 3211 gratissimam
802 3122 870 3187 fore
885 3122 1073 3206 putavimus,
1090 3142 1128 3184 eo
1143 3119 1239 3183 modo
1254 3139 1381 3201 compa-

86 3261 187 3315 ratum
202 3248 506 3332 interpretationem,
523 3263 559 3314 ut
576 3272 686 3314 omnes
709 3262 772 3315 tam
795 3248 881 3314 utilis
906 3248 1116 3335 pbilosophiae
1140 3249 1379 3333 propositiones,

88 3376 255 3439 corollaria
269 3376 376 3440 omnia
389 3376 485 3463 atque
500 3377 618 3443 scholia
633 3378 787 3445 inoffenso
807 3379 888 3464 pede
910 3380 1033 3464 possint
1053 3380 1232 3458 decurrere,
1255 3381 1309 3466 qui
1330 3378 1382 3444 vel

86 3507 162 3591 ipsis
175 3507 362 3594 geometriae
377 3519 409 3572 et
423 3508 561 3596 vulgaris
576 3510 715 3598 algehrae
729 3510 891 3576 elementis
906 3510 1006 3597 probe
1028 3511 1139 3575 imbuti
1154 3526 1236 3576 sunt.
1283 3508 1381 3587 Quod

86 3652 121 3703 ut
134 3652 367 3723 praestaremus,
384 3639 581 3704 mechanices
597 3654 630 3706 et
643 3642 756 3706 calculi
771 3641 969 3705 infinitorum
983 3640 1148 3725 principia,
1165 3639 1317 3725 quantrim
1331 3639 1381 3702 in-
1416 3722 1422 3731 .

86 3768 185 3833 stituti
200 3768 302 3832 nostri
318 3768 399 3832 ratio
413 3769 562 3853 postulat,
580 3769 726 3835 Newtoni
738 3771 877 3859 vestigiis
889 3770 1068 3834 insistentes
1080 3768 1378 3847 demonstrarirnus3

86 3899 282 3982 perbrevem,
298 3898 354 3962 sed
376 3898 606 3965 theorematum
629 3898 831 3979 foecunditate
856 3900 994 3985 plenum,
1011 3899 1125 3962 nostris
1149 3901 1378 3965 commentariis

89 4029 277 4094 inseruimus
303 4041 471 4094 tractatum
493 4032 666 4095 sectionum
688 4033 888 4109 conicarum;
919 4053 990 4118 quae
1012 4033 1062 4097 vel
1083 4032 1257 4111 minimrim,
1282 4032 1378 4099 nimid

86 4156 277 4221 obscuritate
292 4156 403 4220 lectori
417 4159 579 4246 negotium
589 4179 701 4242 parere
711 4170 849 4244 possent,
865 4159 1015 4222 eaomnia
1027 4181 1185 4244 exponere
1200 4160 1278 4223 etin
1292 4161 1379 4227 bono
1495 4166 1515 4199 Τ

81 4288 206 4352 lumine
223 4288 379 4352 collocare
400 4288 504 4353 conati
526 4311 654 4367 sumus3
677 4312 748 4375 quoe
769 4290 804 4352 in
825 4289 961 4369 scholiis,
983 4290 1166 4367 corollariis,
1190 4296 1378 4378 propositio-

80 4442 224 4507 numque
239 4417 333 4495 serie,
354 4416 563 4501 praetermissd
586 4419 862 4497 demonstratione,
885 4420 1068 4504 pronuntiat
1090 4420 1273 4502 Newtonus,
1295 4447 1378 4511 prae-

82 4551 182 4617 missis
196 4547 252 4614 vel
273 4546 441 4632 interjectis
462 4546 617 4612 lemmatis
639 4547 822 4634 scrupulose
844 4546 1057 4613 demonstrata
1078 4548 1245 4631 invenient,
1269 4554 1323 4640 qui
1344 4554 1378 4621 in

662 4778 673 4813 h
