3098 5534
104 405 216 471 Lmen
227 405 390 483 Sirenum]
422 405 665 471 PRINCIPIA
688 406 1059 473 MATHEMATICA.
1329 417 1385 475 tal

591 913 774 987 SECTIO
800 915 888 988 VII.

298 1113 358 1184 De
374 1121 467 1185 mota
476 1113 671 1208 fluidorum
687 1126 723 1187 et
739 1114 935 1187 resistentia
945 1115 1186 1210 projectitium.

283 1401 565 1468 raorosrmo
588 1401 744 1466 xxxu.
790 1386 1061 1466 Tunonnun
1084 1401 1213 1465 xxm.

107 1597 142 1661 Si
153 1617 306 1679 corporum
320 1607 478 1681 systemata
494 1600 551 1661 dua
566 1598 678 1660 similia
694 1617 731 1658 ec
745 1597 857 1678 apicati
871 1598 1093 1678 pontionitarum
1114 1617 1233 1659 numero
1246 1604 1392 1672 constent,

146 1713 176 1766 et
197 1705 361 1785 partienda
384 1705 643 1784 correspondentes
664 1703 774 1766 similes
795 1702 856 1765 sint
877 1711 906 1764 et
924 1703 1179 1783 proportionales,
1210 1703 1336 1786 singola
1358 1702 1393 1764 in

145 1831 205 1872 nna
229 1820 384 1894 systemate
411 1811 538 1893 singulis
562 1810 595 1871 in
618 1811 725 1885 altera,
753 1818 782 1871 et
806 1810 947 1871 similiter
970 1810 1038 1871 sita
1063 1811 1143 1870 inter
1161 1830 1201 1884 se,
1229 1829 1266 1870 ac
1287 1810 1393 1871 datam

145 1920 277 1982 taceant
297 1920 445 1981 rationem
466 1919 626 1981 densitatis
646 1919 690 1980 ad
712 1917 846 1992 inoiccrn,
874 1925 903 1978 et
925 1906 1005 1979 inter
1019 1937 1049 1979 se
1064 1916 1242 1997 temporibus
1261 1935 1394 1998 propor-

149 2029 315 2091 tionalibus
335 2029 474 2091 similiter
494 2028 606 2090 moveri
627 2028 777 2108 incipiant
800 2024 863 2108 (ea
877 2027 958 2089 inter
970 2048 1002 2088 se
1015 2045 1082 2108 qna
1096 2028 1129 2088 in
1143 2047 1202 2088 nno
1215 2035 1292 2095 sinc,
1302 2034 1395 2108 syste-

147 2145 226 2197 mate
240 2143 269 2196 et
284 2154 327 2196 ea
342 2135 422 2195 inter
435 2155 467 2196 se
481 2153 547 2214 qua
560 2142 629 2196 sunt
644 2133 678 2194 in
692 2131 810 2215 attero)
832 2141 862 2196 et
875 2133 904 2194 si
923 2153 984 2193 non
1008 2142 1139 2215 tangant
1156 2154 1189 2197 se
1207 2141 1306 2212 miano
1328 2151 1395 2214 qua

149 2245 184 2305 in
208 2245 306 2306 eodem
328 2253 397 2307 sant
410 2253 573 2328 systemate,
598 2243 660 2306 nisi
674 2243 707 2305 in
721 2242 873 2304 manentis
887 2241 1088 2327 reflexionem,
1112 2263 1205 2326 neque
1219 2241 1391 2318 attrahant,

148 2350 314 2433 aelsngent
327 2372 358 2413 se
371 2346 479 2425 mutari,
496 2351 558 2412 nisi
572 2349 685 2412 viribtrs
698 2347 957 2410 accelmatricibm
971 2367 1038 2430 qna
1052 2350 1115 2410 sint
1128 2356 1162 2409 ut
1170 2335 1396 2430 partictdamm

147 2458 437 2539 comespondentinm
453 2440 595 2519 diametri
609 2452 725 2519 inverse*
738 2466 768 2518 et
782 2457 934 2538 quadrata
955 2456 1141 2518 mlacitatam
1163 2451 1295 2518 directi.-
1323 2455 1391 2517 dico

147 2563 227 2646 quod
239 2572 424 2646 systematum
434 2565 596 2643 partienda
611 2564 811 2645 dispergant
826 2563 908 2626 inter.
919 2582 951 2625 se
963 2562 1142 2645 temporibus
1149 2560 1396 2645 proportionali·

147 2668 200 2733 bus
215 2667 251 2753 (³)
267 2669 408 2731 similiter
422 2669 541 2730 moveri.

153 2841 300 2925 Corpora
313 2839 426 2903 similia
446 2852 479 2904 et
499 2840 640 2905 similiter
661 2839 719 2905 sita
740 2842 931 2925 temporibus
954 2840 1240 2925 proportionalibus
1262 2841 1344 2920 inter
1363 2861 1398 2905 se

107 2946 248 3010 similiter
261 2947 379 3010 moveri
393 2946 475 3023 dico,
498 2968 633 3032 quorum
647 2947 723 3010 situs
738 2947 779 3010 ad
794 2948 925 3011 invicem
939 2948 972 3010 in
987 2948 1050 3011 fine
1072 2962 1249 3032 temporum
1271 2946 1397 3012 illorum

107 3074 230 3136 semper
244 3064 316 3115 sunt
330 3051 461 3116 similes:
483 3050 561 3135 putei
575 3052 602 3118 si
612 3052 772 3136 particulae
787 3054 880 3117 unius
895 3054 1069 3138 systematis
1084 3077 1155 3118 cum
1178 3054 1304 3117 alterius
1325 3075 1399 3138 par-

105 3161 208 3225 ticulis
223 3159 536 3243 correspondentibus
551 3159 759 3224 conferantur.
806 3161 901 3225 Unde
915 3158 1057 3245 tempora
1072 3174 1164 3226 erunt
1178 3162 1398 3246 proportiona-

105 3269 157 3347 lia,
168 3268 321 3354 inquibus
334 3266 448 3332 similes
460 3281 492 3332 et
499 3268 747 3354 proportionales
756 3268 929 3355 figurarum
937 3270 1083 3333 similium
1093 3282 1197 3356 partes
1209 3294 1229 3333 a
1238 3269 1399 3355 particulis

109 3377 424 3461 correspondentibus
440 3377 667 3440 describuntur.
690 3378 814 3464 »Igitur
836 3378 862 3442 si
884 3378 948 3441 duo
969 3379 1031 3442 sint
1053 3379 1207 3464 ejusmodi
1223 3389 1398 3463 systemata,

107 3485 269 3569 particulae
283 3483 571 3568 correspondentes,
587 3484 629 3546 ob
638 3482 870 3547 similitudinem
881 3484 1088 3568 incoeptorum
1100 3497 1251 3561 motuum,
1267 3495 1401 3570 pergent

110 3592 253 3656 similiter
274 3592 400 3667 moveri,
428 3612 526 3674 usque
548 3589 648 3652 donec
670 3589 728 3653 sibi
743 3603 852 3654 mutuo
867 3604 1041 3654 occurrant.
1087 3591 1170 3654 Nam
1186 3590 1212 3652 si
1226 3589 1321 3652 nullis
1334 3590 1401 3676 agi-

110 3715 216 3766 tentur
239 3703 366 3778 viribus,
393 3698 633 3787 progredientur
658 3699 854 3763 uniformiter
881 3701 916 3783 (¹)
932 3700 964 3761 in
987 3699 1077 3762 lineis
1102 3698 1194 3762 rectis
1215 3720 1273 3782 per
1297 3696 1400 3763 motits

109 3810 169 3898 leg.
189 3821 217 3874 1.
263 3813 296 3876 Si
311 3810 428 3873 viribus
443 3809 599 3893 aliquibus
614 3833 647 3873 se
661 3821 772 3873 mutuo
787 3807 915 3895 agitant,
931 3820 962 3871 et
976 3807 1056 3871 vires
1072 3807 1134 3870 illae
1149 3807 1211 3870 sint
1221 3818 1255 3869 ut
1265 3807 1401 3890 particu-

109 3918 210 3980 larum
226 3915 534 4000 correspondentium
549 3913 692 3979 diametri
706 3915 828 3980 inversi
848 3927 880 3978 et
894 3914 1044 3999 quadrata
1058 3915 1255 3979 velocitatum
1271 3914 1400 3994 directd3

146 4112 180 4177 (³)
194 4116 206 4143 ⁹
220 4114 328 4160 Similiter
339 4113 431 4159 moneri·
468 4111 543 4158 Sumo
557 4110 579 4155 A
591 4117 614 4154 et
624 4124 645 4163 a,
660 4108 742 4168 Petp,
775 4117 845 4170 etque
856 4107 908 4154 SA
923 4106 1051 4170 Boequelis
1061 4123 1073 4152 s
1083 4123 1097 4153 ι
1106 4109 1130 4155 b.
1158 4106 1192 4154 Et
1202 4106 1254 4153 elia
1264 4105 1307 4153 sibi
1317 4105 1402 4156 mutuo

117 4176 168 4223 Set
178 4192 197 4231 s,
208 4177 250 4222 tc.
264 4175 383 4222 nanicula
395 4175 420 4220 in
430 4172 522 4221 duobus
533 4171 693 4234 systematsssus
701 4172 743 4220 ubi
775 4170 978 4231 correspondente·
995 4171 1114 4232 partimin
1135 4171 1254 4232 quiessem
1275 4170 1311 4216 rel
1332 4170 1403 4218 simili

115 4238 199 4287 mutuo
221 4238 431 4299 conespondentes.
470 4237 588 4285 Particula
611 4238 633 4282 A
656 4236 681 4281 iu
702 4250 746 4283 suo
778 4233 850 4282 modo
860 4244 1003 4282 moveantur.
1040 4235 1088 4281 His
1098 4233 1184 4295 positis,
1197 4232 1403 4282 demonstrandum

116 4312 241 4364 systemate
257 4311 361 4361 tempore
378 4301 408 4357 T,
428 4300 541 4349 descrstsm
560 4299 659 4359 spatium
675 4312 745 4361 quern
777 4308 818 4356 est,
829 4297 892 4359 quod
902 4298 922 4344 si
932 4309 1054 4345 minantur
1064 4307 1168 4358 tempore
1178 4297 1284 4358 elinque
1291 4297 1404 4348 sintutT

116 4366 242 4412 minimum
256 4367 278 4411 A
293 4366 323 4420 B,
335 4373 360 4411 et
370 4364 482 4425 particula
492 4361 673 4423 correspondens
682 4378 704 4418 a,
720 4362 746 4407 in
777 4370 801 4408 et
816 4371 833 4418 t,
852 4361 971 4422 particula
985 4361 1189 4422 conespondentes
1207 4370 1276 4408 munt
1292 4360 1403 4427 utrinque

117 4429 191 4477 altero
201 4437 324 4490 systemate
332 4436 461 4488 temperet,
475 4426 587 4474 decembet
595 4427 747 4486 spatiumst,
779 4425 884 4472 similiter
893 4426 980 4485 positu.
1030 4437 1036 4450 ¹
1056 4425 1063 4451 ³

119 4493 190 4552 priori
204 4495 225 4539 A
242 4493 272 4548 B,
291 4491 367 4539 simile
377 4491 528 4552 similiterque
543 4490 622 4545 situm,
639 4487 672 4535 ut
682 4498 709 4536 ut
719 4489 749 4535 sit
812 4486 1279 4552 (')⁸1n1ineisrectispermottieleg.l.
1298 4486 1403 4553 Idebque

121 4557 144 4602 A
160 4557 189 4612 B,
207 4555 237 4602 ed
248 4571 263 4602 o
272 4558 295 4611 b,
313 4565 340 4603 ut
350 4555 461 4602 diameter
472 4553 592 4613 particulo
605 4552 636 4609 A,
658 4551 688 4598 ad
698 4551 747 4598 dis·
779 4553 809 4599 ob
826 4551 956 4598 velocitates
971 4551 1099 4599 uniformes
1113 4560 1137 4599 et
1152 4551 1238 4600 similes
1248 4561 1357 4601 rmtuum
1366 4551 1403 4600 di-

119 4631 220 4667 metrum
232 4619 352 4680 particulo
363 4635 384 4677 s,
397 4617 444 4665 sire
455 4627 482 4664 ut
494 4619 517 4664 A
529 4617 546 4664 S
556 4615 586 4662 ad
596 4632 611 4663 e
621 4632 638 4669 s,
650 4615 687 4663 rel
699 4615 721 4662 P
731 4615 748 4662 S
778 4615 1102 4678 rectionespergeuteimiliter
1110 4615 1196 4663 moveri
1203 4615 1403 4679 tempafbnspro-

119 4683 206 4755 ¹edps,
223 4694 247 4731 et
262 4680 747 4746 angulusssttaqudimmlont,
779 4678 1366 4742 pomomtbuamquudoomrmnuospnmoa
