3098 5534
195 388 216 445 2
505 381 841 449 PHILOSOPHIIE
865 382 1135 448 NATURALlS
1200 381 1311 462 [Mor.
1324 385 1487 452 Gonnum

191 543 446 616 quunmr'hypotlresaa
456 568 504 601 non
514 553 576 616 egre
586 554 663 601 referri
678 553 816 615 plerumque
849 553 945 599 tentiam
952 567 979 599 er
988 552 1110 600 tenacitate
1118 551 1178 608 dati,
1189 552 1212 598 vi
1223 552 1257 598 illi
1267 550 1391 614 gravitatis
1398 566 1480 613 equa·

191 628 288 678 possint
303 616 333 663 ad
348 616 550 665 determinationes
566 627 675 664 motuum
690 632 748 679 quas
763 617 815 663 alie
846 615 871 672 li,
888 616 914 662 in
929 615 986 662 loeis
1001 616 1092 663 tantum
1103 633 1123 670 a,
1136 619 1159 671 b,
1170 616 1193 671 d,
1205 618 1247 663 &n
1261 625 1372 677 tergente
1383 626 1479 671 αιιῐιις

190 681 277 741 primes
292 681 430 740 hypotheses
449 679 489 744 (de
505 682 590 743 quibus
605 683 635 728 ab
653 680 721 726 initio
735 689 814 727 actum
846 678 870 724 in
886 680 964 739 spatiis
979 676 1033 727 serti
1048 679 1190 726 intermediis
1203 683 1226 726 A
1240 680 1294 726 Bet
1306 681 1354 733 ab.
1375 679 1400 726 B
1414 679 1441 726 D
1452 688 1478 726 ct

190 742 801 869 “iffliliffiiiiidii‘iiiii‘w
846 741 950 865 tii·
957 741 1479 867 ministeriun&

189 869 249 919 fecti
265 869 365 917 fluidum
381 869 418 926 sit,
435 872 478 918 bne
494 880 536 928 est,
554 871 656 931 partibus
671 880 759 917 constet
769 884 812 930 op.
844 868 996 923 velocitatem,
1009 880 1032 916 et
1042 869 1127 916 deinde
1137 869 1202 916 vietis
1212 869 1340 930 equalibus
1351 869 1377 915 in
1392 872 1416 916 A
1429 878 1478 916 ete

189 933 246 983 time
255 933 368 994 levigatis
378 934 488 996 nullique
497 935 619 982 tenacitate
634 934 809 991 emanatura,
840 933 972 989 obstaculis,
992 933 1041 993 pari
1057 932 1133 980 adhuc
1149 933 1268 980 velocitate
1278 948 1320 994 per
1334 934 1414 993 spatia
1429 932 1477 978 mi-

189 1013 242 1060 que
253 995 349 1058 pmindd
360 996 383 1043 si
394 997 533 1060 cuicumque
547 997 618 1044 illatae
633 997 723 1051 emant,
740 1007 765 1046 et
774 1013 812 1045 ee·
844 994 908 1042 nime
918 996 1045 1044 ιεάιιειιιίιι
1058 998 1080 1043 A
1095 997 1151 1044 Bet
1161 999 1208 1053 ab,
1225 997 1348 1052 seruatum
1363 1006 1391 1043 et
1401 995 1476 1042 airrdli

189 1060 267 1108 dando
277 1059 387 1107 facillime
397 1072 533 1108 moveantur
543 1061 603 1107 inter
613 1077 644 1118 se,
657 1061 707 1107 sola
717 1076 745 1107 es
755 1076 812 1107 con·
844 1059 920 1112 modo,
938 1062 968 1106 ob
979 1061 1078 1121 sequalaa
1086 1061 1224 1107 resistendas
1233 1061 1259 1105 in
1269 1060 1327 1106 locis
1340 1060 1398 1106 Bet
1408 1062 1474 1119 bper

189 1123 311 1172 aderanda
326 1133 361 1170 est
376 1124 503 1171 resistentia
513 1139 566 1186 qun
576 1139 604 1171 ex
616 1124 686 1174 medii
697 1124 812 1171 reactione
843 1122 950 1182 spetiali
963 1124 989 1170 D
1000 1126 1047 1171 ctb
1058 1125 1074 1170 d
1085 1124 1155 1171 simul
1170 1135 1300 1178 merentur,
1317 1132 1342 1170 et
1356 1123 1392 1169 id
1406 1123 1475 1170 dein·

189 1197 267 1234 ortum
284 1186 357 1243 ducit,
379 1197 459 1248 estque
477 1187 518 1233 illa
535 1197 562 1234 ut
579 1187 680 1235 densitas
701 1187 771 1234 medii
787 1198 812 1235 et
843 1199 898 1246 ceps
916 1186 1015 1234 eamear
1030 1203 1120 1248 semper
1135 1187 1278 1234 velocitatem
1293 1187 1319 1233 in
1336 1186 1475 1249 locis-que

189 1251 328 1312 quadratum
344 1250 470 1297 velocitatis
487 1251 579 1299 mobilis
594 1251 641 1298 dati
657 1251 807 1314 conjunctim.
844 1249 897 1296 altis
904 1252 997 1297 babent.
1032 1251 1172 1298 Minuantur
1179 1251 1228 1311 jam
1237 1251 1335 1312 oequalia
1345 1250 1387 1296 illa
1399 1250 1474 1310 spatia

191 1313 326 1361 anenim
342 1313 470 1361 resistentia
485 1317 537 1376 (per
549 1315 631 1362 Mettis
643 1315 701 1377 Leg.
715 1320 737 1360 2.
751 1321 807 1362 et3.
845 1313 867 1358 A
883 1314 997 1370 Betab,
1014 1314 1034 1359 B
1048 1314 1346 1370 Detbdde.eteorum
1357 1328 1475 1361 nummis

190 1377 244 1424 Lib.
261 1378 297 1438 1.)
307 1387 342 1423 est
352 1386 379 1424 ut
389 1377 504 1440 quantitas
515 1378 655 1425 motdadatn
665 1379 811 1437 tempuiculo
842 1388 956 1438 augeatur
966 1378 990 1423 in
1002 1377 1127 1432 infinitum.
1144 1389 1171 1425 ut
1186 1379 1220 1424 vis
1235 1376 1353 1440 gravitatis
1362 1386 1388 1424 et
1405 1377 1473 1424 ren's-

189 1440 352 1489 communicati
361 1459 369 1497 ς
387 1439 427 1488 aad
438 1441 491 1488 dati
499 1442 591 1488 mobilis
599 1440 724 1497 velocitate,
736 1457 810 1503 quan·
841 1441 919 1487 tentiae
930 1441 990 1487 actio
998 1442 1033 1487 vel
1045 1442 1129 1488 reactio
1136 1442 1246 1489 continua
1255 1440 1372 1495 reddamr,
1385 1450 1411 1487 et
1420 1456 1473 1488 ner-

189 1504 243 1551 titas
258 1503 336 1550 metita
349 1504 515 1551 communicati
530 1517 565 1552 est
575 1515 603 1551 ιιι
616 1505 732 1568 quantitas
747 1503 813 1552 fluidi
846 1518 902 1563 pora
911 1502 961 1550 duo
971 1505 1068 1551 eandem
1080 1506 1166 1568 ubique
1176 1506 1326 1553 resistentiam
1343 1505 1471 1565 patientem,

189 1567 334 1628 tempuscula
344 1567 400 1615 dato
408 1566 531 1624 movenda,
550 1569 594 1616 huc
608 1578 650 1624 est,
669 1578 697 1615 ιιι
712 1568 812 1615 denum
845 1576 868 1613 et
878 1567 904 1612 in
914 1567 971 1614 locis
981 1568 1046 1630 aeque
1057 1569 1110 1615 altis
1125 1568 1221 1616 eandem
1238 1568 1384 1615 sciscitatum
1401 1569 1473 1615 baba-

189 1631 274 1689 medii,
296 1630 351 1678 dati
368 1641 448 1679 autem
464 1632 535 1679 medii
554 1631 673 1688 densitate,
695 1632 810 1693 quantitas
842 1632 908 1677 bunt.
937 1631 1017 1686 Quare
1027 1634 1219 1695 resistentisque
1230 1631 1333 1679 exiluidi
1344 1631 1470 1679 tenacitate

188 1694 266 1742 monis
281 1694 445 1742 communicati
457 1704 491 1742 est
501 1705 528 1742 ut
543 1696 658 1758 quantitas
672 1694 740 1741 fluidi
756 1694 811 1743 dato
843 1703 922 1740 ortum
932 1693 1004 1750 ducit,
1021 1706 1097 1755 potest
1112 1711 1167 1743 cum
1178 1697 1201 1741 ri
1212 1696 1330 1759 gravitatis
1345 1695 1473 1742 uniformia

188 1757 334 1818 tempuscula
341 1757 488 1816 dimovenda,
499 1769 523 1807 et
533 1769 560 1806 ιιι
568 1757 675 1806 velocitas
682 1757 728 1820 qui
736 1773 811 1820 quan-
841 1758 977 1817 comparari,
990 1759 1044 1806 licet
1053 1759 1124 1806 medii
1135 1760 1245 1807 tenacitas
1256 1759 1280 1806 in
1290 1774 1377 1818 eorpus
1391 1759 1470 1821 quiea·

188 1821 241 1869 titas
252 1821 292 1868 illa
303 1820 368 1869 fluidi
380 1832 486 1869 movetur
495 1822 644 1886 conjunctim,
661 1831 685 1869 et
695 1822 810 1896 quantitas
842 1834 898 1867 cena
914 1821 988 1884 (quod
999 1822 1094 1885 quidem
1105 1823 1127 1868 ri
1136 1824 1253 1886 gravitatis
1268 1837 1360 1884 semper
1375 1837 1471 1886 urgere·

188 1884 254 1932 fluidi
265 1885 321 1933 dato
331 1885 477 1946 tempusculo
488 1885 626 1934 dimovenda
634 1885 748 1933 velocitati
758 1901 809 1932 rno-
842 1884 892 1945 tur)
904 1900 973 1948 agere
983 1885 1050 1933 nullo
1060 1886 1131 1933 modo
1140 1887 1220 1946 possit.

187 1948 242 1997 bilis
252 1948 429 2010 proportionalia
439 1958 481 2006 est,
497 1965 581 2010 coquus
591 1949 654 1996 enim
664 1948 810 2008 duplorelo-
876 1952 913 1994 lo.
934 1949 964 1995 ln
975 1948 1052 1996 fluidis
1063 1950 1134 2024 igitur
1141 1950 1262 1999 tenacitate
1268 1949 1468 2013 aliquiprnditia

189 2013 240 2061 eius
255 2013 334 2066 altero,
354 2011 429 2072 duplo
443 2014 519 2076 majus
529 2012 629 2074 spatium
640 2013 664 2059 in
675 2011 749 2059 fluido
759 2027 810 2072 per-
842 2011 971 2058 roeiatenda
981 2023 1017 2060 est
1026 2025 1109 2073 patum
1121 2014 1250 2072 uniformis,
1261 2014 1348 2076 partim
1358 2013 1471 2062 velocita-

185 2087 271 2134 curret,
283 2077 361 2137 deque
371 2075 444 2137 duplo
455 2077 560 2136 pluribus
568 2075 687 2138 particulis
696 2085 808 2124 occurret.
843 2074 873 2120 tis
883 2075 995 2136 quadrato
1005 2077 1181 2138 proportionalis
1193 2082 1227 2141 (8.
1239 2080 1276 2137 9.)

191 2140 271 2196 Quare
287 2138 341 2188 dani
357 2138 471 2190 densitate
488 2140 565 2192 medii,
584 2140 712 2187 resistentia
729 2148 764 2187 est
784 2149 811 2187 ut
877 2142 913 2185 11.
933 2141 1039 2188 Iaensmm
1060 2140 1091 2188 In
1101 2141 1239 2204 quicunque
1249 2140 1386 2188 resistemioe
1396 2141 1472 2202 bype-

188 2204 327 2267 quadratum
351 2202 473 2251 celeritatis
495 2203 595 2260 maliis,
621 2213 691 2278 atque
711 2201 771 2250 adad
791 2203 811 2251 ri
843 2201 908 2259 thesi,
926 2203 1209 2263 eorporistaminmedio
1223 2206 1342 2253 resistente
1357 2220 1432 2267 qnam
1447 2205 1471 2254 ir

188 2282 264 2329 neque
284 2266 351 2313 iluidi
369 2265 478 2325 densitas,
502 2283 577 2329 neque
599 2266 691 2315 mobilis
709 2266 812 2314 celeritas
843 2279 917 2312 vacuo
928 2267 1099 2315 motiselocitas
1110 2268 1174 2316 linita
1184 2269 1210 2315 in
1220 2269 1320 2332 singulis
1330 2268 1390 2315 locis
1400 2279 1471 2317 emur

187 2330 243 2379 data
253 2331 288 2386 sit,
301 2332 345 2378 erit
355 2329 481 2379 resistentm
491 2340 519 2378 ut
528 2330 599 2379 medii
609 2329 711 2378 densitas
720 2339 744 2378 et
754 2345 811 2392 qua-
844 2327 985 2376 elementum
996 2331 1063 2390 spatii
1074 2331 1181 2394 descripti
1192 2331 1278 2380 directe
1289 2342 1313 2380 et
1322 2342 1471 2379 momentum

187 2394 280 2442 dratum
291 2393 418 2442 velocitatis
427 2395 579 2459 conjunctim,
590 2404 659 2456 atque
669 2395 719 2441 bne
730 2403 765 2441 est
775 2409 811 2442 re-
843 2392 953 2452 tempon's
978 2409 1026 2456 quo
1051 2395 1187 2443 describitur
1213 2395 1308 2444 invase.
1353 2396 1472 2444 velocia·

186 2457 289 2506 darentia
298 2474 352 2521 qun
363 2467 440 2505 ortum
448 2458 513 2506 ducit
520 2457 638 2505 abinertii
646 2457 812 2517 particularum
843 2455 907 2501 enim
918 2456 1041 2504 unitonnn
1051 2468 1086 2506 est
1095 2467 1123 2506 ιιι
1133 2460 1234 2521 spatium
1250 2460 1409 2522 quodcunque
1420 2459 1472 2508 dea-

187 2521 252 2569 fluidi
263 2539 322 2586 quaa
332 2537 415 2582 eorpus
425 2533 515 2570 motum
526 2536 540 2569 e
550 2521 602 2569 loco
611 2521 713 2568 dimovet
728 2530 813 2584 etquse
844 2519 945 2580 criptum
955 2521 1041 2569 direcle
1052 2532 1076 2568 et
1086 2533 1178 2585 tempus
1188 2539 1236 2587 quo
1243 2523 1268 2571 id
1276 2524 1378 2585 spatium
1384 2524 1471 2572 deacri-

185 2585 210 2634 in
221 2585 372 2634 velocioribus
383 2585 485 2633 motibus
495 2585 545 2634 sols
554 2583 603 2632 sere
612 2587 752 2633 observatur.
842 2581 906 2630 bitur
923 2583 1019 2631 inverse
1056 2586 1086 2632 ln
1101 2587 1180 2634 madio
1195 2598 1273 2635 autem
1283 2588 1332 2634 sive
1348 2587 1469 2634 ιώιιειιιι

217 2656 240 2699 9·
262 2647 811 2710 Alteraresistentiaquarertenaeitatepartiurn
846 2644 894 2692 aive
912 2661 986 2694 vacuo
1001 2648 1109 2697 velocitas
1125 2665 1167 2711 per
1186 2652 1287 2713 spatium
1308 2650 1402 2699 infinite
1420 2666 1472 2712 par-

186 2712 252 2760 lluidi
263 2712 386 2759 uniformis
396 2713 505 2769 nascitur,
520 2721 628 2759 enudans
637 2720 679 2768 est,
696 2721 737 2759 aut
747 2712 811 2774 quod
842 2723 899 2756 vum
910 2711 1030 2773 equabilia
1040 2722 1074 2759 est
1086 2715 1134 2788 (6.)

185 2776 247 2823 idem
257 2785 296 2826 eat
309 2775 419 2836 temporis
426 2784 545 2823 momento
555 2775 740 2836 proportionalis,
747 2789 811 2822 mm·
877 2779 914 2820 12
929 2778 1001 2824 Corol-
1017 2781 1038 2823 1.
1060 2777 1127 2824 lltnc
1143 2779 1255 2840 temporis
1272 2787 1422 2826 momentum
1437 2788 1471 2826 eat

185 2841 266 2902 quein
278 2839 412 2886 tardissimis
421 2840 524 2887 motibus
531 2839 662 2886 sensibilem
670 2838 760 2886 iaciunt
770 2854 810 2885 ex·
842 2844 871 2882 ut
886 2849 1031 2885 momentum
1047 2855 1088 2887 seu
1105 2840 1247 2890 elementum
1263 2842 1329 2902 spatii
1346 2841 1434 2891 directi
1448 2852 1472 2890 et

185 2904 320 2964 perimenta.
356 2902 382 2950 Si
397 2903 461 2949 enirn
472 2903 573 2963 partium
584 2901 650 2949 fluidi
665 2902 765 2950 ooboesio
780 2903 810 2950 sit
843 2899 953 2947 Veloci&
962 2901 1065 2960 ἱπιειιὲς
1081 2916 1228 2953 momentum
1239 2904 1294 2953 serti
1303 2905 1371 2966 spatii
1388 2916 1417 2954 ιιι
1432 2922 1470 2954 ve·

185 2967 272 3028 ubique
282 2966 371 3023 eadem
388 2967 410 3013 ri
426 2966 528 3029 quidam
544 2966 696 3014 determinati
705 2981 765 3026 opus
775 2976 809 3014 eat
843 2960 924 3011 locitas
934 2974 957 3011 et
968 2977 1113 3013 momentum
1125 2970 1235 3029 temporis
1245 2970 1396 3032 conjunctim.

184 3040 297 3091 utparraa
313 3030 359 3076 illas
375 3040 514 3090 separentur,
534 3030 670 3091 corporique
685 3030 808 3077 transitum
875 3032 911 3073 15.
933 3032 1004 3076 corat.
1025 3036 1046 3076 2.
1072 3032 1097 3077 si
1116 3033 1188 3094 igitur
1207 3034 1314 3080 velocitas
1334 3033 1429 3081 dicatarr
1448 3049 1469 3090 v,

185 3097 310 3156 prebeant,
332 3093 479 3156 quicumque
497 3095 592 3140 demum
610 3093 729 3141 velocitate
748 3093 808 3140 illud
840 3090 941 3149 epatium
957 3092 1097 3154 descriptum
1114 3113 1132 3152 a,
1153 3108 1307 3159 tempusque
1323 3097 1469 3159 descriptum

184 3159 278 3213 fernim,
295 3167 319 3204 et
329 3157 382 3204 ided
393 3159 427 3202 vis
437 3158 477 3203 illa
488 3158 621 3205 resisentia
632 3172 687 3204 cum
698 3157 720 3202 vi
731 3158 806 3219 gravi·
1040 3158 1054 3202 d
1067 3174 1078 3202 s
1426 3162 1462 3206 ds

184 3225 237 3268 tatis
248 3222 366 3275 uniformi,
382 3237 434 3282 qun
446 3221 547 3281 corporis
557 3220 700 3268 ascendentis
715 3231 806 3266 motum
841 3200 876 3238 αι
891 3203 902 3238 ⁸
915 3194 1028 3240 “5²⁸²
1041 3223 1085 3281 ᾖ
1107 3198 1167 3245 'd‘
1184 3219 1218 3244 =
1234 3199 1305 3246 ‘¹⁸⁰‘
1317 3199 1355 3247 (Η
1372 3219 1407 3246 “-“
1427 3229 1468 3285 ’,Ἴ

183 3286 289 3338 retardat,
307 3285 406 3332 conferri
423 3294 503 3345 potest.
536 3285 599 3331 Nam
615 3282 811 3344 corporadunsi-
843 3295 989 3356 sumptiquo
1008 3294 1134 3345 fluentum,
1154 3297 1177 3344 s,
1197 3314 1210 3343 ,
1227 3298 1242 3345 d
1260 3309 1269 3345 t
1284 3316 1352 3356 ω,
1373 3312 1395 3348 ,3
1414 3311 1424 3348 ι
1441 3323 1477 3349 =

187 3349 251 3396 milia
262 3360 285 3396 et
295 3348 393 3412 aqualia
404 3363 458 3395 cum
470 3348 518 3409 pari
530 3347 731 3396 velocitateelocis
741 3348 809 3395 Catc
880 3353 897 3399 d
908 3372 919 3402 ς

840 3389 926 3444 8-.

876 3451 913 3545 ti.
936 3506 1008 3551 corat.
1026 3511 1049 3552 ὅ.
1079 3508 1103 3553 Si
1122 3507 1153 3555 ini
1174 3509 1287 3570 descripta
1306 3510 1378 3556 tuerit
1398 3525 1473 3558 curra

847 3563 869 3609 B
883 3562 904 3610 P
917 3565 937 3610 C
948 3577 975 3612 ut
991 3571 1041 3631 ejus
1056 3572 1176 3630 applicatoe
1195 3575 1221 3619 Μ
1237 3575 1264 3630 P,
1276 3589 1300 3619 m
1311 3589 1333 3634 p,
1346 3574 1384 3620 axi
1399 3577 1422 3620 A
1438 3576 1471 3631 D,

842 3627 963 3684 normales,
983 3645 1100 3692 exponant
1111 3638 1255 3685 velocitatem
1266 3654 1288 3693 v,
1305 3648 1329 3685 et
1338 3637 1448 3685 abacista
1458 3656 1473 3685 a

168 4286 289 4346 perlincas
303 4287 323 4334 C
337 4287 368 4342 E,
380 4302 393 4332 c
404 4301 424 4338 a,
437 4284 466 4332 nd
478 4293 563 4330 rectam
577 4281 619 4328 Co
628 4282 744 4328 normales
752 4297 804 4343 pro·
1377 4324 1382 4330 ,

167 4350 286 4410 jiciantur,
303 4361 327 4397 et
344 4353 367 4397 in
384 4350 441 4395 locis
457 4347 523 4410 aqui
540 4344 592 4392 altis
606 4347 627 4390 A
640 4356 663 4392 et
674 4360 695 4399 ι,
715 4346 735 4391 B
747 4357 770 4392 et
781 4350 804 4402 Ιι,
947 4342 979 4398 Α
1108 4337 1141 4391 Μ
1153 4338 1178 4372 m
1351 4341 1381 4393 D

176 4413 240 4460 Det
258 4414 280 4466 d.
304 4416 346 4461 irc.
372 4413 485 4474 eqrtalem
502 4410 619 4470 patientur
635 4410 804 4467 resistentiam
856 4425 859 4430 ·

172 4492 256 4537 eorpus
275 4478 369 4540 quida-m
390 4481 409 4524 C
432 4475 583 4523 resistentiam
600 4474 732 4533 experiatur
751 4490 765 4519 a
784 4477 805 4519 si
841 4488 929 4537 puncto
946 4477 992 4524 liro
1012 4480 1034 4524 A
1052 4490 1151 4539 sumptu
1173 4484 1194 4527 A
1210 4483 1245 4539 Μ,
1267 4485 1324 4529 Am
1343 4494 1473 4545 tempusq

173 4541 291 4600 gravitatis
307 4551 427 4588 constante
446 4546 510 4601 (qum
527 4539 550 4584 in
568 4538 624 4583 locis
638 4539 667 4593 A,
684 4539 713 4592 B,
728 4538 762 4592 D,
777 4539 806 4591 E,
840 4545 1026 4602 erectumquesit
1036 4546 1228 4603 perpendiculum
1243 4549 1380 4593 ABcursm
1389 4567 1471 4599 occur-

172 4608 214 4652 iie.
230 4606 322 4653 tautum
335 4606 400 4669 ngat)
411 4603 545 4660 oriundam,
557 4615 641 4662 corpus
651 4600 706 4649 seri
716 4617 729 4648 c
740 4602 807 4649 renia-
839 4619 894 4651 reus
907 4605 930 4651 in
944 4607 973 4663 li,
986 4623 1039 4654 ares
1053 4610 1073 4654 A
1087 4609 1108 4654 li
1120 4609 1140 4655 l'
1152 4610 1180 4656 Μ
1193 4612 1287 4672 crpouit
1298 4613 1398 4672 spatium
1408 4628 1471 4663 tanr-
