3098 5534
186 383 227 440 10
500 371 839 442 PHILOSOPHIAE
865 370 1140 439 NATURALIS
1289 373 1470 451 [Drama.

220 559 253 646 (¹)
275 560 415 644 Tempus
430 559 617 624 Absolutum
631 581 651 622 a
664 557 793 620 relativo
806 555 1005 642 distinguitur
1017 556 1051 620 in
1066 553 1264 620 Astronomiri
1279 577 1337 640 per
1351 554 1474 640 AEqus-

176 644 293 730 ¹tionem
308 667 454 750 temporis
477 665 572 751 vulgi.
625 663 797 749 Inaequales
820 663 904 726 enim
926 673 999 725 sunt
1020 662 1086 726 dies
1107 661 1273 740 naturales,
1300 661 1355 747 qui
1377 661 1473 748 wigo

177 784 325 857 tanquam
339 773 473 858 oequales
494 793 554 856 pro
567 791 713 834 mennam
734 769 881 852 temporis
903 768 1067 833 habentur.
1112 769 1209 833 Hanc
1230 768 1474 854 inequalitatem

178 880 339 966 corrigunt
354 878 545 954 Astronomi,
569 888 605 940 ut
628 897 668 939 ex
681 874 802 938 veriore
825 886 964 957 tempore
988 887 1168 939 mensurent
1191 887 1295 938 motus
1320 874 1474 939 ooeloetes.

179 984 330 1049 Possibile
343 997 398 1061 est,
415 997 450 1047 ut
457 982 560 1046 nullus
569 983 608 1045 sit
617 993 720 1045 motus
727 980 887 1066 aeqnabilis
895 1002 959 1066 quo
967 980 1108 1065 Tempus
1118 979 1260 1046 mourut&
1267 992 1474 1045 mensuretur.

180 1091 357 1156 Accelerari
372 1103 404 1154 et
416 1089 566 1154 retardari
579 1101 709 1174 possunt
727 1100 830 1151 motus
843 1109 960 1164 omnes,
986 1087 1039 1151 sed
1053 1088 1155 1150 fluxus
1170 1087 1317 1171 temporis
1340 1086 1476 1151 absoluti

180 1198 294 1261 mutari
308 1197 424 1282 nequit.
469 1195 589 1260 Eadem
613 1207 659 1258 est
683 1194 806 1257 duratio
821 1216 875 1256 seu
897 1194 1125 1276 perseverantia
1153 1194 1326 1258 existentiae
1348 1215 1476 1268 rerum;

180 1302 245 1368 sive
257 1315 359 1367 motus
374 1304 437 1368 sint
448 1302 571 1379 celeres,
586 1302 650 1364 sive
664 1300 753 1377 tardi,
779 1301 843 1363 sive
855 1299 950 1363 nulli:
972 1299 1105 1383 proinde
1127 1299 1195 1364 hoec
1212 1323 1232 1364 a
1246 1300 1399 1363 mensuris
1410 1299 1477 1363 suis

179 1410 372 1475 sensibilibus
395 1408 506 1473 meriti»
527 1408 737 1494 distinguitur,
762 1419 847 1470 etex
861 1406 972 1470 iisdem
987 1406 1143 1492 colligitur
1167 1428 1224 1490 per
1248 1407 1477 1491 AEquationem

182 1517 440 1581 senonensem.
487 1515 592 1599 Hujus
611 1524 715 1576 autem
734 1512 915 1598 aequationis
938 1512 971 1575 in
985 1511 1226 1590 determinnndis
1253 1512 1477 1576 Phaenomenis

179 1622 351 1699 necessitas,
376 1633 444 1684 tmn
467 1642 525 1704 per
538 1619 786 1703 experimentum
802 1618 970 1704 Horologii
997 1618 1193 1695 Oscillatorii,
1221 1629 1288 1682 tum
1310 1618 1405 1682 etiam
1418 1639 1479 1702 per

180 1729 307 1813 eclipses
323 1727 496 1793 satellitum
510 1727 596 1805 ,lovis
611 1726 768 1790 evincitur.

225 1834 273 1900 Ut
286 1833 365 1897 onio
379 1834 515 1917 partium
530 1833 696 1918 Temporis
710 1844 756 1896 est
769 1832 977 1910 immutabilis,
994 1832 1037 1895 sic
1052 1834 1146 1896 etiarn
1155 1833 1234 1896 ordo
1248 1833 1383 1917 partium
1395 1834 1477 1917 Sps-

179 1940 225 2004 tii.
271 1939 460 2004 Moneantur
474 1938 542 2003 haec
557 1938 596 2002 de
618 1938 694 2002 locis
708 1938 779 2016 suis,
795 1950 827 2002 et
840 1937 1047 2002 movebuntur
1062 1944 1110 2023 (ut
1123 1940 1167 2002 ita
1180 1938 1345 2018 dicnn1)de
1359 1940 1478 2024 seipsis.

181 2046 266 2112 Nam
282 2057 421 2130 tempora
436 2057 468 2110 et
481 2046 579 2129 spatie
592 2057 664 2110 sunt
678 2045 725 2107 sui
739 2045 877 2128 ipsorum
891 2054 1040 2107 et·rerum
1049 2046 1189 2108 omnium
1199 2046 1285 2130 quasi
1295 2046 1392 2110 Loca.
1436 2047 1478 2110 ln

182 2152 346 2237 Tempore
354 2152 458 2238 quoad
472 2151 614 2215 ordinem
623 2151 836 2227 successionis;
852 2151 884 2212 in
897 2151 1005 2233 Spatio
1014 2151 1118 2235 quoad
1131 2152 1274 2215 ordinem
1284 2152 1359 2214 sitris
1371 2151 1478 2216 locan-

182 2269 235 2323 tur
248 2260 399 2323 universn.
455 2260 507 2325 De
521 2259 647 2322 illorum
661 2259 793 2323 essentia
807 2269 853 2320 est
867 2268 901 2319 ut
915 2257 976 2320 sint
991 2258 1094 2322 Low:
1118 2271 1150 2321 et
1163 2258 1233 2322 loce
1245 2260 1395 2342 primaria
1409 2281 1478 2322 mo-

180 2366 247 2430 veri
260 2365 430 2429 absurdum
444 2377 497 2429 est
544 2365 627 2430 Haeo
641 2377 712 2428 sunt
736 2364 831 2450 igitur
845 2362 987 2427 absoluta
1001 2363 1087 2427 Loca
1094 2389 1104 2442 3
1129 2376 1160 2428 et
1174 2364 1249 2428 solae
1263 2366 1478 2430 translationes

182 2471 223 2536 de
236 2471 285 2535 his
298 2471 375 2535 locis
389 2483 461 2536 sunt
475 2470 608 2535 absoluti
624 2471 741 2534 Motus.

226 2578 346 2641 Verum
357 2578 504 2663 qnoniam
518 2577 569 2641 hae
585 2578 683 2661 spatii
696 2589 801 2661 partes
813 2577 912 2642 videri
922 2591 1088 2664 nequeunt,
1101 2590 1132 2643 et
1146 2579 1186 2644 ab
1197 2581 1328 2644 invicem
1336 2603 1394 2666 per
1408 2602 1478 2645 sen·

182 2705 234 2747 sus
248 2695 369 2746 nostros
384 2682 551 2770 distingui3
572 2705 679 2749 earum
693 2685 760 2747 vice
773 2683 955 2748 adhibemus
969 2707 1128 2750 memmae
1143 2687 1308 2759 sensibiles.
1353 2688 1406 2753 Ex
1419 2709 1478 2774 po·

182 2789 343 2853 sitionibus
358 2789 442 2852 enim
457 2801 488 2852 et
501 2788 652 2852 distantiis
666 2811 771 2854 rerum
785 2788 805 2853 si
819 2813 950 2874 corpore
965 2792 1077 2878 aliquo,
1095 2792 1179 2878 quod
1189 2806 1362 2878 spectamus
1371 2808 1407 2858 ut
1420 2797 1479 2859 im·

182 2895 307 2973 mobile,
329 2894 494 2959 definimus
507 2894 575 2959 loca
591 2896 747 2961 universe:
776 2897 889 2961 deinde
903 2898 996 2962 etism
1011 2913 1041 2962 et
1055 2922 1162 2962 omnes
1176 2912 1279 2963 motus
1292 2902 1479 2965 aestimamus

183 3024 256 3067 cum
284 3013 425 3086 respectu
451 3001 491 3066 ad
514 3002 664 3086 predicta
686 3004 763 3082 loca,
799 3018 948 3090 quatenus
971 3027 1103 3089 corpora
1125 3006 1166 3069 ab
1189 3007 1297 3071 iisdem
1321 3008 1479 3072 transferri

184 3108 383 3191 concipimus.
430 3109 482 3173 Sic
496 3109 562 3173 vice
580 3109 720 3173 locorum
744 3123 775 3174 et
797 3124 938 3175 motuum
962 3112 1172 3176 absolutorum
1196 3113 1327 3177 relativis
1352 3117 1477 3194 numus,

183 3237 242 3278 nec
256 3213 451 3278 incommode
475 3215 507 3276 in
522 3214 614 3278 rebus
628 3215 788 3281 humanis:
812 3217 845 3280 in
865 3217 1091 3302 Philosophicis
1117 3232 1220 3283 autem
1235 3220 1477 3285 abstrahendum

183 3334 230 3386 est
248 3344 268 3386 a
282 3321 429 3386 sensibus.
475 3322 558 3386 Fieri
581 3323 694 3386 etenim
717 3337 827 3407 potest,
845 3337 879 3387 ut
893 3324 1013 3388 nullum
1028 3348 1135 3389 revera
1149 3327 1285 3411 quiescat
1299 3350 1421 3412 corpus,
1438 3328 1477 3393 ad

184 3427 269 3515 quod
285 3428 354 3491 loca
367 3440 530 3513 motusque
545 3427 726 3495 referantur.

228 3535 472 3622 Distinguuntnr
485 3548 588 3599 autem
610 3534 708 3610 Quies
722 3548 753 3601 et
768 3536 877 3603 Motus
892 3537 1023 3600 absoluti
1046 3548 1078 3601 et
1091 3538 1209 3602 relativi
1223 3539 1262 3604 ab
1277 3540 1408 3603 invicem
1423 3563 1480 3625 per

188 3642 397 3726 Proprietates
419 3654 533 3705 suaset
549 3642 665 3707 Causas
679 3657 711 3706 et
726 3643 871 3708 Effectus.
916 3645 1039 3721 Quietis
1052 3646 1224 3729 proprietas
1239 3661 1293 3724 est,
1309 3647 1394 3733 quod
1410 3670 1480 3711 cor-

185 3770 264 3833 pora
290 3746 360 3811 vere
384 3748 569 3832 quiescentia
588 3749 750 3833 quiescunt
774 3750 854 3813 inter
874 3773 915 3813 se.
960 3750 1099 3836 Ideoque
1118 3774 1189 3814 cnm
1209 3754 1353 3835 possibile
1373 3755 1422 3832 sit,
1444 3767 1479 3818 ut

186 3877 298 3939 corpus
313 3853 439 3939 aliquod
454 3854 487 3916 in
501 3855 678 3941 regionibus
695 3856 854 3932 Fixarum,
871 3868 924 3919 sut
938 3855 1031 3943 longe
1054 3857 1145 3935 ultra,
1171 3860 1306 3943 quiescat
1321 3861 1460 3926 absoluti
1468 3887 1478 3938 ;

187 3961 258 4024 sciri
272 3974 376 4023 autem
390 3981 454 4023 non
468 3961 564 4043 possit
578 3984 618 4024 ex
633 3962 694 4026 situ
709 3984 874 4046 corporum
890 3962 929 4026 ad
945 3964 1076 4026 irrvicem
1102 3965 1135 4026 in
1160 3966 1338 4051 regionibus
1353 3969 1476 4045 nostris,

187 4066 339 4131 horumne
354 4064 483 4151 aliquod
508 4066 548 4130 sd
573 4067 777 4154 longinquum
801 4068 887 4132 illum
903 4069 1007 4132 datam
1032 4070 1218 4154 positionem
1244 4087 1343 4138 servet
1368 4097 1477 4152 necne,

187 4175 274 4259 quies
291 4194 361 4236 vern
375 4195 415 4235 ex
429 4171 542 4235 horum
557 4172 617 4235 situ
631 4173 711 4236 inter
725 4197 758 4237 se
772 4174 895 4239 definiri
908 4175 1026 4261 nequit.

187 4367 253 4405 motu
265 4365 377 4420 tanquam
394 4356 501 4406 mourut
517 4357 645 4406 durationis
659 4360 767 4408 mensuri
783 4361 818 4409 uti
850 4377 870 4409 e
880 4361 1082 4424 tempuapersolis
1088 4361 1257 4409 revolutionem
1263 4366 1480 4428 menmrntum)in-

187 4435 314 4483 pomerum
361 4422 584 4483 Verumoorponm
602 4422 729 4471 mineum
740 4435 764 4471 et
776 4427 818 4471 bo·
851 4426 960 4484 mdiu
983 4443 1036 4489 qua·
1052 4425 1149 4486 proinde
1164 4428 1263 4486 tempori
1280 4429 1376 4476 mlstlvo
1389 4430 1479 4491 juncta,

187 4484 331 4546 rologiorum
341 4495 426 4539 motus,
444 4501 503 4547 quos
516 4486 546 4533 sd
558 4487 817 4553 temporiQrensursm
850 4489 886 4536 rel
897 4492 927 4537 ab
938 4506 966 4537 eo
977 4490 1092 4537 subducta
1102 4490 1195 4537 conlisit
1205 4501 1298 4552 ternpus
1312 4493 1447 4542 obsolutrrm
1457 4506 1482 4543 et

187 4548 332 4601 sdhibmnuu
355 4549 410 4595 licet
427 4549 499 4612 rulgd
515 4561 676 4612 mppouontur
687 4552 816 4613 requnbiles.
849 4553 899 4600 viee
909 4553 981 4600 roni.
1220 4563 1223 4568 '

187 4613 258 4660 variis
267 4621 346 4658 temen
357 4626 385 4657 er
397 4612 472 4659 muns
482 4614 640 4662 accelerantur
650 4614 686 4661 rel
700 4615 817 4662 retardan-
883 4617 927 4680 (ml
946 4623 983 4664 18.
1004 4617 1145 4676 Gyrnutium
1159 4632 1283 4678 corporum
1293 4629 1370 4680 partes
1380 4621 1482 4685 singulte

188 4675 325 4753 nutriesque
334 4689 450 4723 menan·
460 4676 507 4752 ille
517 4679 624 4742 vulga·
634 4693 682 4726 non
692 4688 748 4726 sum
758 4688 817 4727 nm
848 4679 874 4727 in
885 4681 964 4728 orbitis
974 4680 1108 4755 nundinet·
1116 4693 1246 4758 morenmr,
1258 4683 1362 4745 adeoque
1375 4687 1430 4748 (10)
1439 4700 1483 4748 pt«

188 4738 759 4869 paliidffuffiffrarmemmm
767 4822 820 4869 qun
849 4745 1503 4873 ffimfflnwffipumqp:

188 4869 351 4928 lntertmnpus
356 4865 519 4914 Mutuum
529 4879 621 4928 ternpus
634 4869 764 4925 relativum,
783 4872 818 4935 (b.
852 4871 949 4919 meires
959 4886 1026 4918 uem
1038 4881 1134 4928 rotatur,
1145 4871 1245 4934 singulm
1256 4874 1350 4922 illorum
1357 4890 1484 4937 ooqrorum
