3098 5534
96 390 315 468 infatuus]
362 383 602 451 PRINCIPIA
636 382 1006 454 MATHEMATICA.
1243 396 1306 460 207

96 563 365 631 rterndemittatur
378 559 646 645 perpendiculum,
670 573 701 625 et
715 562 972 645 perpendiculum
994 563 1072 627 illud
1087 563 1150 628 und
1172 587 1245 629 cum
1259 587 1306 628 se-

96 696 101 735 r
128 670 308 736 revolvatur
336 668 418 731 circa
442 666 560 751 polum,
583 667 817 732 intersectiones
843 669 966 753 spiralis
1003 670 1180 734 transibunt
1208 671 1242 733 in
1271 693 1305 733 se

96 802 132 857 m,
159 797 291 863 qumque
301 775 404 859 prima
418 784 485 837 erut
499 795 554 836 seu
568 773 723 856 proxima,
739 786 812 858 post
825 797 919 838 unam
929 775 1154 840 revolutionem
1170 775 1303 840 secunda

100 896 178 971 post
192 882 271 947 duas
285 879 387 955 tertia,
403 890 436 942 et
455 879 500 941 sic
514 877 679 962 deinceps:
704 900 762 943 nec
781 880 901 945 interea
913 881 1083 945 mutabitur
1097 881 1230 967 oequatio
1244 881 1305 944 nisi

96 987 203 1056 nutari
216 985 432 1074 magnitudine
446 983 653 1069 quantitatum
677 1005 735 1067 per
757 1007 833 1070 quas
858 987 975 1069 positio
1001 987 1131 1050 secantis
1156 986 1304 1051 determi-

96 1120 111 1164 t
160 1093 257 1161 Unde
271 1113 344 1157 cnm
358 1091 544 1177 quantitates
560 1089 622 1152 illoe
636 1103 709 1173 post
733 1091 870 1178 singulas
884 1092 1092 1157 revolutiones
1117 1092 1250 1157 redeunt
1262 1092 1304 1156 ad

96 1200 243 1268 titudine
260 1199 387 1284 primas,
411 1196 546 1282 equatio
570 1195 684 1260 redibit
707 1196 748 1261 ad
770 1197 902 1262 somnam
924 1199 1067 1283 primam,
1094 1199 1227 1285 ideoque
1242 1222 1304 1263 une

96 1333 187 1398 nque
214 1307 375 1374 exhibebit
391 1304 624 1369 intersectiones
659 1326 777 1384 ornnes,
800 1320 1006 1391 etpropterea
1031 1307 1149 1371 radices
1176 1307 1305 1371 habebit

96 1417 306 1501 eroinfinitas,
329 1413 441 1500 quibus
457 1432 566 1476 omnes
581 1411 722 1476 exhiberi
736 1425 874 1497 possunt.
920 1413 1035 1499 Nequit
1061 1435 1136 1500 ergo
1157 1414 1303 1478 intersec-

96 1538 165 1591 rctae
179 1536 212 1588 et
224 1520 345 1606 spiralis
359 1542 417 1604 per
432 1518 639 1605 aequationem
654 1518 774 1582 finitam
788 1519 974 1606 generaliter
984 1520 1125 1599 inveniri,
1142 1533 1173 1584 et
1187 1519 1303 1582 idcirco

96 1642 208 1696 :extet
230 1628 326 1692 uvalis
341 1628 428 1712 cujus
456 1648 537 1703 area,
561 1626 653 1689 rectis
668 1626 826 1710 imperatis
846 1626 989 1706 abscissa,
1011 1627 1110 1711 possit
1133 1649 1191 1711 per
1210 1627 1302 1691 talem

96 1736 219 1803 tionem
242 1732 428 1822 generaliter
442 1730 595 1795 exhiberi.

113 1842 240 1909 Fodem
262 1850 456 1927 argumento,
479 1839 505 1900 si
528 1838 724 1902 intervallum
746 1839 813 1924 poli
833 1852 867 1904 et
885 1841 1002 1925 puncti,
1026 1863 1089 1927 quo
1108 1840 1229 1926 spinalis
1249 1840 1304 1905 de-

96 1952 170 2028 itur,
185 1948 325 2034 capiatur
337 1946 444 2012 Ovalis
459 1946 627 2029 perimetro
642 1947 783 2011 abscissae
793 1949 1036 2032 proportionale,
1058 1948 1187 2034 probari
1201 1959 1306 2032 potest

96 2055 299 2145 ..longitudo
327 2052 485 2139 perimetri
511 2053 619 2138 nequit
659 2075 715 2138 per
744 2053 865 2117 finitam
888 2055 1095 2140 aquationem
1118 2053 1304 2140 generaliter

96 2166 168 2232 reri.
199 2163 232 2249 (¹)
256 2163 308 2226 De
333 2159 471 2223 ovalibns
486 2170 590 2222 autem
614 2158 666 2222 hic
681 2159 793 2246 loquor
805 2181 877 2246 quoe
891 2182 956 2225 non
983 2159 1304 2249 tangrmturatiguris

96 2271 187 2362 rgatia
199 2271 234 2334 in
248 2268 405 2332 inlinitum
415 2265 626 2353 pergentibus.

96 2465 202 2526 adipuat
210 2463 314 2528 singular
323 2461 422 2509 redeunt
428 2458 637 2522 admagnitudinea

106 2531 164 2588 1¹8,
176 2524 500 2586 nrmmmuoneprimrin
510 2523 636 2571 secundam

96 2604 156 2649 mte,
173 2591 310 2642 recundiin
327 2590 426 2643 tertiam.
442 2587 635 2647 etsicdeincepa,

96 2654 435 2713 ointerlIM,relPM‚
452 2663 476 2700 et
494 2651 636 2709 datasPF,

96 2724 106 2773 i
124 2723 155 2781 1³,
171 2720 256 2769 redibit
276 2719 307 2767 ad
327 2717 426 2766 formam
447 2718 547 2776 primam
567 2729 638 2778 quam

96 2805 222 2869 requetio
232 2803 293 2851 iuter
305 2801 318 2850 l
331 2808 372 2855 m,
384 2798 500 2850 rale‚
513 2795 639 2844 eteardem

96 2872 300 2941 pandumPF,
320 2869 409 2924 Pas
428 2868 455 2926 F,
472 2865 576 2928 adebque
591 2879 640 2911 una

96 2954 141 3005 que
160 2937 261 3001 equatio
272 2935 389 2985 exhibebit
399 2931 572 2980 intersectionea
587 2943 639 2975 om·

106 3020 160 3077 11,
175 3020 219 3066 ae
237 3033 280 3065 eeu
303 3017 392 3064 valotea
413 3013 477 3069 Im,
492 3013 529 3061 11
544 3010 580 3065 M,
597 3010 642 3057 dxc.

96 3095 136 3145 rad
145 3092 235 3142 radices
245 3091 362 3140 exhibebit
372 3102 471 3136 numero
481 3083 584 3132 infinitas
594 3079 647 3144 qui·
702 3118 705 3124 ,

96 3175 157 3209 mu
167 3157 270 3207 exhiberi
282 3164 386 3217 ponunt.

99 3227 115 3256 ⁰
135 3221 176 3271 Et
197 3222 261 3269 enim
282 3219 371 3267 ratione
393 3215 483 3276 spiralis
504 3210 646 3260 descrssretur

96 3286 189 3336 nuntiis
199 3286 229 3333 ad
239 3298 312 3346 quam
322 3279 420 3342 proinde
431 3279 530 3342 equatio
541 3275 585 3322 erit
601 3289 645 3321 nu-

96 3349 274 3400 dimfl'onum
290 3346 389 3402 infinita,
405 3359 458 3407 quar
472 3340 566 3404 quidum
578 3337 646 3384 finitis

96 3424 176 3469 tna,
196 3413 216 3460 ri
235 3409 362 3474 longitudo
383 3405 500 3470 perimetri
520 3403 592 3451 oralia
602 3415 645 3461 pro
653 3392 689 3464 Α

98 3478 201 3528 ansehn
211 3492 252 3524 tau
273 3472 423 3521 intervallum
441 3467 521 3530 puncti
538 3464 646 3526 spiralem

96 3537 421 3664 mssffiffifinim
436 3531 592 3596 aquationem
603 3544 645 3591 ge·

96 3622 121 3656 ar

96 3675 110 3703 ²
128 3664 373 3719 ornemnsscn
390 3671 472 3725 tangat
491 3660 515 3706 in
535 3657 555 3705 C
575 3671 646 3704 curra

96 3731 233 3793 atade,
250 3727 384 3792 cujuammi
397 3728 448 3783 Cb,
468 3723 515 3772 Cd
531 3722 556 3768 in
567 3719 647 3766 intini-

96 3790 574 3915 „am
586 3783 649 3894 rs

96 3941 131 3975 rm
138 3924 223 3973 &mm
233 3923 259 3969 in
270 3921 331 3969 orali
340 3916 454 3981 perpetuo
464 3914 551 3962 revolvi
562 3913 649 3958 lineam

96 4006 102 4039 r
116 3988 232 4037 unitura
243 4001 298 4033 cum
309 3994 376 4031 motu
391 3981 485 4044 quaesit
501 3977 532 4024 ad
544 3975 650 4036 periphe-

96 4052 159 4103 ’ὦ
168 4051 300 4106 terminata,
311 4060 334 4095 et
342 4046 462 4095 abscindat
474 4057 538 4090 areas
548 4039 591 4087 nbi
597 4053 652 4099 pro-

96 4114 171 4175 ὼς
187 4116 208 4162 ri
229 4124 308 4162 autem
325 4112 397 4158 oralia
418 4117 531 4183 tangatur
541 4120 556 4151 a
576 4100 653 4165 flgurd

96 4178 170 4245 path
181 4177 237 4234 ed,
254 4179 322 4241 eujus
341 4175 399 4222 rarni
418 4173 443 4219 in
464 4169 585 4217 inlinitum
602 4179 655 4225 per·

102 4242 198 4293 uidam
208 4240 316 4289 estliberi
327 4238 388 4285 recti
400 4235 461 4283 intrd
471 4233 561 4282 ovalem
572 4228 646 4277 revol-

106 4322 156 4356 non
176 4305 279 4369 percurri
301 4313 374 4351 totam
393 4317 460 4348 novae
474 4299 546 4360 hujus
564 4295 647 4358 figura

96 4369 240 4483 quw
245 4366 363 4432 perper-tis
373 4381 400 4414 ar
411 4362 507 4413 infinitis
517 4359 646 4422 simplicem
