3098 5534
435 986 737 1067 AUCTORIS
755 982 1080 1066 PRAEFATIO

349 1406 786 1519 EDITIONEM-
818 1402 1175 1505 TERTIAM.

686 1666 827 1691 Um

118 1811 175 1904 'IN
197 1837 335 1906 editione
355 1841 452 1908 1220oe
471 1840 573 1929 moa,
597 1863 693 1930 quam
710 1839 871 1907 Heracus
888 1839 1090 1918 remman,
1108 1841 1158 1908 M.
1172 1842 1216 1909 Ι).
1231 1845 1281 1908 vir
1293 1843 1408 1910 iarum

105 1936 222 2024 ,rerum
231 1949 437 2036 peritissimus
448 1951 577 2031 curavit,
593 1950 745 2017 nonnulla
756 1951 789 2014 in
801 1950 901 2016 Libro
913 1951 1052 2016 secundo
1063 1950 1104 2016 de
1118 1954 1295 2020 mittentia
1309 1956 1409 2021 medi·

116 2082 208 2125 orum
223 2060 319 2147 paulo
333 2058 432 2126 fitsiria
445 2061 642 2147 explicantur
657 2059 751 2147 quim
766 2057 868 2138 anteri,
893 2074 925 2124 et
939 2060 1099 2126 adduntur
1113 2064 1328 2147 experimenta
1349 2086 1409 2128 no·

118 2166 157 2233 'va
170 2166 211 2233 de
225 2168 399 2234 resistentia
412 2169 555 2257 gravium
570 2191 641 2256 quae
656 2168 773 2232 oodunt
788 2167 820 2231 in
836 2169 917 2232 aare.
963 2166 1001 2230 In
1018 2167 1118 2233 Libro
1132 2171 1226 2234 tertio
1241 2192 1409 2259 argumen-

117 2260 184 2365 tum
196 2302 260 2367 quo
271 2279 395 2345 Lunam
406 2279 440 2343 in
456 2279 535 2345 orbe
546 2302 605 2344 suo
618 2300 676 2364 per
686 2278 872 2367 gravitatem
883 2276 1010 2341 retineri
1025 2277 1187 2363 probatur,
1203 2279 1298 2364 paulo
1309 2278 1407 2345 firsirts

117 2380 303 2474 ¹exponitur:
327 2401 358 2453 et
373 2410 463 2452 novae
479 2386 639 2452 adduntur
652 2383 886 2449 observationes
900 2383 941 2448 de
962 2384 1167 2470 proportione
1182 2385 1408 2451 diametrorum

116 2498 205 2564 Jovis
227 2499 269 2563 ad
291 2498 425 2562 invicem
447 2519 467 2561 a
488 2496 533 2560 D.
553 2492 700 2560 Poundio
718 2490 819 2558 factoe.
864 2491 1036 2558 adduntur
1057 2494 1151 2560 etiam
1173 2494 1409 2561 observationes

117 2606 238 2692 aliquot
252 2618 385 2671 cometa
398 2605 481 2669 illius
496 2604 551 2691 qui
565 2626 648 2668 anno
666 2609 758 2668 1680.
775 2602 929 2687 apparuit,
953 2626 972 2667 a
987 2600 1031 2668 D.
1049 2602 1132 2668 Kirk
1146 2626 1253 2671 mense
1269 2606 1408 2672 Novem·

115 2714 165 2780 bri
180 2715 213 2776 in
225 2711 400 2778 Germania
409 2710 535 2788 habitae,
552 2732 624 2796 quae
635 2731 737 2795 nuper
747 2708 788 2773 ad
799 2730 911 2773 manus
920 2722 1042 2775 nostras
1054 2725 1218 2790 venerunt,
1232 2725 1264 2777 et
1274 2735 1408 2799 quarum

116 2842 177 2906 ope
192 2831 314 2883 constet
329 2813 422 2904 quim
437 2816 538 2903 prop&
553 2817 644 2881 orbes
658 2815 830 2902 parabolici
844 2816 980 2881 motibus
994 2831 1187 2883 cometarum
1204 2821 1406 2907 respondent.

117 2930 161 2996 Et
175 2930 279 2995 orbita
293 2943 424 2994 cometae
439 2927 531 3006 illius,
549 2939 749 3011 computante
765 2924 906 3003 Halleio,
921 2927 1016 3009 paulo
1027 2926 1202 3011 accuratitis
1217 2928 1408 2994 determina-

117 3053 168 3106 tur
183 3038 278 3127 quam
299 3038 402 3116 anteri,
425 3037 520 3125 idque
541 3037 574 3099 in
594 3034 705 3121 ellipai.
759 3034 804 3100 Et
823 3034 997 3101 ostenditur
1013 3049 1167 3102 oometam
1182 3038 1215 3101 in
1230 3037 1289 3103 hac
1304 3039 1408 3105 orbita

116 3150 262 3234 olliptica,
277 3169 460 3234 pernoram
471 3145 624 3211 ooelorum
635 3144 736 3234 signa,
748 3166 813 3208 non
824 3141 929 3210 mimia
940 3144 1083 3210 accurati
1095 3167 1222 3210 cursum
1236 3149 1405 3236 peregisse,

115 3258 211 3344 quim
226 3256 328 3321 solent
341 3255 476 3340 planeta
490 3254 524 3317 in
538 3253 648 3318 orbitis
663 3250 806 3336 ellipticia
819 3274 878 3337 per
891 3254 1115 3318 astrommiam
1126 3252 1262 3320 definitis
1277 3261 1405 3325 moveri.

118 3365 215 3433 Orbis
230 3367 322 3432 etiam
339 3377 470 3431 oometae
483 3364 539 3451 qui
553 3385 637 3428 anno
655 3369 747 3432 1728.
764 3362 919 3447 apparuit,
935 3387 953 3426 a
972 3362 1017 3430 D.
1034 3362 1408 3432 BradleioAatronomioe

117 3474 201 3561 apud
217 3474 416 3542 Oxoniensoa
433 3472 613 3538 Professore
627 3481 824 3554 eomparatur
839 3469 992 3555 adjicitur.

211 3717 306 3766 anm
316 3714 425 3768 laudor.
436 3714 493 3764 Jun.
510 3716 546 3760 ra
562 3712 658 3760 tras-a

1107 3848 1158 3914 Is
1183 3849 1406 3916 NEWTON.
