3098 5534
179 398 242 456 266
497 388 839 459 PHILOSOPHIAE
864 392 1139 461 NATURALIS
1198 391 1333 475 [Mon
1349 397 1496 464 Conon.

178 561 343 648 propagati
354 583 420 625 sese
436 561 610 625 dilatabunt
624 563 664 626 ud
680 563 786 640 latera,
802 585 859 647 per
872 564 1121 648 Propositionem
1138 565 1399 648 proecedentem
1408 591 1419 641 ;
1440 583 1496 631 ets

178 689 311 751 corpore
327 667 381 730 illo
397 669 530 731 tremulo
546 682 692 754 tunquam
709 686 817 733 centro
832 670 1000 748 communi,
1017 671 1192 734 secundum
1213 673 1417 755 superficies
1431 696 1497 758 pro-

178 774 348 858 pemodum
364 775 532 858 sphaericss
548 789 579 839 et
593 779 815 855 concentricos‚
837 778 976 863 undique
994 778 1278 863 propagabuntur.
1333 780 1438 863 Cujus
1457 781 1496 845 rei

177 881 358 963 exemplum
380 881 507 967 aliquod
528 881 679 946 habemus
700 884 734 946 in
755 883 857 961 undis,
881 908 952 970 quae
967 886 992 949 si
1008 885 1107 971 digito
1129 885 1280 948 tremulo
1305 889 1495 966 excitentur,

176 1010 241 1051 non
257 989 359 1054 solum
375 1003 508 1077 pergent
521 990 596 1055 hinc
611 992 684 1057 inde
700 994 873 1058 secundum
887 996 1013 1082 plagam
1027 1009 1132 1059 motus
1148 996 1262 1083 digiti,
1289 999 1366 1074 sed,
1385 1000 1418 1061 in
1434 1023 1496 1063 mo-

178 1095 255 1158 dum
270 1096 460 1160 circulorum
482 1100 760 1176 concentricorum,
784 1100 916 1187 digitum
932 1103 1035 1166 statim
1054 1103 1183 1188 cingent
1198 1116 1235 1166 et
1252 1104 1409 1190 undique
1429 1129 1496 1190 pro-

177 1202 386 1289 pagabantur.
432 1202 516 1265 Nam
530 1205 665 1290 gravitas
680 1206 836 1269 undarum
851 1208 977 1292 supplet
991 1207 1096 1271 locum
1110 1208 1156 1270 vis
1172 1208 1339 1273 elasticae.

223 1315 293 1376 Cas.
311 1320 340 1374 2.
365 1311 405 1396 (¹¹)
422 1312 520 1387 Quod
536 1313 560 1375 si
576 1314 714 1377 medium
729 1316 849 1378 nonsit
868 1316 1046 1379 elasticum:
1070 1318 1225 1402 quoniam
1251 1320 1326 1402 ejus
1351 1336 1461 1403 partes
1480 1345 1496 1383 a

73 1471 76 1475 .
178 1418 317 1501 corporis
333 1417 458 1481 tremuli
473 1419 613 1502 partibus
629 1419 755 1484 vibratis
770 1443 886 1503 pressae
902 1422 1084 1485 condensari
1097 1439 1280 1507 nequeunt,
1300 1430 1494 1514 propagabi-

177 1543 229 1593 tur
251 1540 353 1591 motus
376 1529 409 1590 in
430 1528 559 1590 instanti
580 1527 620 1590 ud
641 1541 746 1611 partes
768 1529 822 1591 ubi
843 1529 983 1593 medium
998 1528 1142 1591 facillimi
1158 1529 1260 1607 cedit,
1288 1533 1358 1595 lroc
1375 1552 1436 1611 est,
1460 1537 1495 1597 ud

177 1653 282 1724 partes
304 1662 382 1725 quas
404 1661 517 1723 corpus
539 1638 708 1702 tremulum
728 1639 844 1724 alioqui
866 1662 978 1702 vacuas
994 1663 1011 1702 a
1026 1653 1116 1726 tergo
1136 1638 1360 1725 relinqueret.
1411 1645 1494 1707 Idem

178 1761 225 1812 est
241 1771 329 1813 casus
345 1769 418 1839 cum
432 1770 506 1811 casu
529 1747 669 1832 corporis
684 1748 716 1809 in
732 1748 836 1811 medio
859 1771 1045 1834 quocunque
1067 1750 1210 1832 projecti.
1266 1751 1427 1817 Medium
1451 1779 1495 1817 ce·

178 1858 283 1922 dendo
297 1842 519 1944 proje'ctilibus
536 1878 599 1919 non
616 1856 732 1921 recedit
745 1858 777 1919 in
794 1858 950 1921 infinitum
959 1882 968 1934 3
985 1857 1039 1922 sed
1055 1859 1087 1920 in
1103 1859 1265 1922 circulum
1285 1864 1413 1940 eundo,
1430 1888 1495 1948 per-

178 1966 225 2052 git
239 1965 279 2028 ad
294 1965 394 2049 spatia
409 1986 480 2049 quae
495 1985 609 2048 corpus
624 1963 771 2050 relinquit
786 1988 805 2027 a
819 1977 918 2051 tergo.
964 1965 1065 2051 Igitur
1079 1965 1203 2049 quoties
1226 1989 1359 2051 corpus
1384 1985 1494 2033 tremu-

178 2074 243 2137 lum
259 2073 363 2160 pergit
377 2072 409 2134 in
424 2083 545 2156 purtem
560 2093 786 2156 quamcunque,
810 2072 948 2135 medium
964 2071 1105 2136 cedendo
1126 2086 1244 2158 perget
1262 2095 1329 2157 per
1345 2078 1494 2140 circulum

179 2182 219 2246 od
235 2196 340 2266 partes
356 2204 433 2267 ques
456 2202 569 2264 corpus
588 2179 736 2267 relinquit
743 2203 752 2257 3
779 2192 811 2244 et
832 2181 953 2266 quoties
975 2202 1087 2265 corpus
1110 2182 1304 2268 regreditur
1329 2186 1374 2249 ud
1398 2188 1494 2250 locum

179 2290 326 2374 priorem,
343 2288 481 2352 medium
496 2287 569 2350 inde
583 2287 751 2372 repelletur
765 2301 797 2351 et
811 2288 852 2352 ad
867 2287 971 2351 locum
987 2310 1078 2352 suum
1099 2289 1244 2371 priorem
1272 2293 1410 2357 redibit
1458 2296 1492 2358 Er

179 2395 318 2481 quamvis
333 2415 448 2476 oorpus
463 2392 631 2455 tremulum
646 2415 710 2456 non
726 2393 766 2457 sit
779 2392 916 2469 firmum,
939 2391 994 2456 sed
1016 2391 1117 2454 modis
1139 2395 1302 2458 omnibus
1328 2399 1449 2471 flexile,
1471 2401 1492 2461 si

180 2518 282 2568 tomen
299 2500 515 2588 magnitudine
535 2498 646 2562 dutum
668 2512 801 2577 moneat,
831 2501 977 2587 quonium
1000 2498 1186 2562 tremoribus
1204 2501 1277 2564 suis
1297 2509 1415 2590 nequit
1437 2530 1494 2570 me-

179 2613 266 2676 dium
282 2610 382 2675 ubivis
397 2632 519 2698 urgere,
544 2610 619 2695 quin
634 2609 709 2673 alibi
724 2610 825 2677 eidem
841 2609 934 2673 simul
949 2610 1054 2684 cedut3
1078 2610 1192 2673 efficiet
1208 2625 1246 2675 ut
1263 2615 1429 2693 medium,
1453 2641 1493 2679 rr·

180 2721 320 2785 cedendo
335 2745 353 2784 a
368 2718 508 2806 partibus
524 2718 578 2782 ubi
592 2719 753 2802 premitur,
776 2730 888 2807 pergat
909 2742 1032 2804 semper
1046 2719 1078 2783 in
1095 2719 1208 2783 orbern
1225 2722 1272 2785 ad
1289 2741 1408 2808 partes
1431 2753 1493 2814 qun

180 2828 282 2893 cidem
298 2827 422 2892 cedunt.
469 2828 511 2904 Q.
528 2851 555 2890 e.
571 2827 602 2890 d.
870 2843 877 2854 ·

226 2935 325 2998 Corol.
359 2932 605 2998 Hullucinautur
627 2936 722 3022 igitur
737 2938 792 3024 qui
807 2937 939 3001 credunt
960 2937 1160 3024 agitationem
1181 2943 1343 3023 partium
1363 2947 1492 3009 flumme

180 3040 434 3124 impressionem,
450 3063 507 3123 per
518 3041 656 3104 medium
666 3042 817 3120 ambiens,
833 3043 1005 3107 secundum
1015 3043 1112 3107 lineas
1124 3056 1231 3110 rectas
1241 3053 1492 3139 propagandum

182 3146 367 3209 conducere.
414 3146 553 3210 Debebit
576 3149 726 3231 ejusmodi
753 3150 872 3232 pressio
896 3173 959 3213 uon
988 3150 1026 3213 nb
1056 3150 1230 3237 agitatione
1257 3157 1336 3221 solis
1367 3163 1493 3244 partium

183 3257 327 3332 llaumrae,
345 3257 401 3319 sed
416 3280 436 3320 a
450 3258 544 3320 totius
560 3257 740 3321 dilubrtione
755 3259 898 3321 derisuri.

373 3583 654 3649 PROPOSITIO
678 3582 804 3646 XLIV.
849 3580 1120 3646 THEOREMA
1143 3581 1308 3650 XXXV.

184 3778 220 3840 Si
235 3797 315 3859 uqrcu
332 3779 364 3838 in
380 3781 498 3840 curialis
519 3778 653 3839 cruribus
673 3780 777 3839 erectis
795 3773 825 3838 K
842 3775 881 3851 L,
900 3775 937 3837 M
955 3776 986 3837 N
1008 3778 1118 3838 vicibus
1140 3778 1280 3842 alternis
1301 3788 1455 3846 ascendat
1474 3795 1497 3844 rt

229 3890 407 3959 descendat,·
434 3898 624 3950 construatur
643 3898 740 3949 aretem
760 3888 923 3967 pendulum
948 3886 1029 3967 crpus
1054 3887 1210 3967 longitudo
1241 3891 1334 3952 inter
1356 3909 1498 3974 punctum

228 3999 426 4077 suspensionis
441 4007 470 4058 et
485 4007 616 4058 centnem
631 3996 827 4059 oscillationis
849 4007 981 4078 aequetur
996 3996 1108 4059 remissi
1127 3998 1347 4078 longitudinis
1365 4026 1456 4086 oque
1470 4007 1497 4063 in

227 4109 351 4170 cunali.-
378 4109 445 4168 dico
465 4109 544 4189 quod
564 4128 645 4190 aqua
668 4109 805 4170 ascendet
827 4117 855 4169 et
876 4109 1028 4170 descendet
1052 4110 1154 4169 iisdem
1178 4114 1379 4190 temporibus
1401 4118 1498 4200 quibus

223 4219 387 4299 pendulum
402 4218 566 4280 oscillutur.

232 4408 476 4495 Longitudiuem
492 4431 581 4493 aqum
596 4430 743 4471 mensuro
759 4408 931 4470 secundum
946 4429 1020 4469 axes
1033 4406 1147 4469 canalis
1157 4420 1189 4470 et
1201 4430 1354 4489 crurum,
1367 4417 1493 4478 eandem

190 4536 320 4579 summae
336 4515 447 4579 horum
465 4517 569 4577 axium
580 4513 752 4599 oequand03
768 4526 799 4576 et
809 4512 1014 4576 resistentiam
1025 4536 1123 4598 aquen,
1135 4535 1206 4598 quae
1216 4516 1327 4582 oritur
1339 4521 1386 4583 ab
1396 4521 1495 4586 uttrim

455 4715 492 4777 (l)
505 4719 518 4746 ⁹
535 4717 600 4769 Quod
611 4716 630 4762 ri
641 4715 744 4761 medium
754 4710 894 4759 continuum
904 4707 935 4757 sit
944 4717 968 4756 ct
978 4725 1027 4757 non
1038 4710 1161 4766 mum,
1170 4707 1215 4756 4⁶·
