3074 5520
129 363 425 443 lucusianum]
449 360 691 428 PRINCIPIA
714 356 1084 427 MATHEMATICA.
1351 364 1409 422 st}
1496 340 1505 356 ⁸

124 536 286 622 sphaerica,
302 534 511 598 movebuntur
524 533 687 619 particula
700 534 733 597 in
747 533 837 598 lineis
848 553 911 596 non
923 530 1124 596 circularibus
1136 530 1191 595 sed
1203 529 1413 595 conformibus

124 644 229 709 eidem
242 643 321 706 vasis
333 642 454 728 figura,
466 654 498 705 et
508 652 650 725 tempora
659 639 819 725 periodica
828 651 921 703 erunt
931 651 965 703 ut
974 638 1125 725 quadrata
1135 637 1338 702 mediocrium
1349 636 1412 701 dis·

126 753 294 817 tantiurum
309 773 328 813 a
343 763 450 814 centro
465 771 558 836 quarn
570 747 723 834 proxime.
759 748 797 813 In
811 747 952 833 partibus
968 747 1049 811 inter
1063 757 1202 809 centrum
1212 742 1412 808 etcircumsa-

127 862 271 938 rentiam,
286 860 341 924 ubi
355 859 465 923 latiora
479 870 551 922 sunt
566 859 674 942 spatia,
687 856 839 922 tardiores
848 869 939 922 erunt
948 869 1063 932 motus,
1073 854 1126 920 ubi
1136 853 1317 942 angustiora
1327 851 1412 917 velo·

122 965 269 1052 ciores(')
284 988 387 1051 neque
398 944 675 1050 tamenparticulae
685 964 855 1028 velociores
864 976 972 1048 petent
982 960 1271 1027 circumferentiam.
1308 961 1411 1025 Arcus

121 1077 206 1142 enim
221 1073 397 1138 describent
412 1071 513 1136 miurus
528 1094 650 1148 curvas,
671 1084 703 1136 et
717 1084 849 1136 conatus
864 1070 1030 1136 recedendi
1046 1094 1065 1135 a
1089 1083 1199 1135 centro
1224 1092 1289 1134 non
1307 1070 1411 1135 minus

122 1180 314 1246 diminuetur
327 1201 385 1263 per
399 1178 632 1242 decrementum
646 1177 739 1264 hujus
754 1189 940 1254 curvaturae,
957 1177 1052 1265 quim
1067 1176 1232 1265 augebitur
1241 1197 1299 1259 per
1309 1175 1411 1240 incre·

123 1303 264 1356 mentum
280 1288 461 1353 velocitatis.
508 1286 674 1373 Pergendo
689 1310 708 1350 a
722 1287 828 1371 spatiis
843 1286 1076 1374 angustioribus
1090 1286 1124 1349 in
1138 1283 1248 1349 latiora
1263 1283 1411 1350 recedent

122 1401 217 1486 paulo
238 1400 362 1486 long'us
384 1422 403 1462 a
424 1410 541 1475 centro,
565 1396 620 1461 sed
635 1397 695 1461 isto
709 1417 832 1462 recessu
847 1395 1041 1471 tardesoent3
1064 1407 1097 1459 et
1110 1392 1288 1458 accedendo
1301 1405 1410 1478 postea

122 1507 163 1572 dc
177 1507 338 1571 latioribus
353 1504 392 1569 ad
408 1504 587 1593 angustiora
601 1503 867 1582 accelerabantur,
890 1515 922 1568 et
936 1503 981 1568 sic
994 1524 1054 1588 per
1073 1503 1156 1566 vices
1182 1501 1358 1566 tardassent
1379 1514 1412 1567 et

123 1618 379 1683 accelerabuntur
392 1613 556 1702 particuloe
571 1614 703 1702 singulte
716 1612 751 1679 in
764 1624 962 1699 perpetuum.
996 1613 1036 1696 (³)
1054 1612 1136 1675 Hice
1150 1611 1193 1674 ita
1207 1609 1411 1676 rehabebunt

121 1725 155 1788 in
169 1749 242 1790 vase
259 1723 374 1813 rigido.
418 1722 503 1786 Nam
517 1721 549 1785 in
564 1719 664 1785 fluido
678 1719 802 1784 infinito
817 1718 997 1784 constitutio
1011 1717 1163 1782 vorticum
1178 1717 1410 1802 innotescitper

124 1832 352 1917 Propositionis
367 1828 459 1914 hujus
476 1826 684 1893 Corollarium
699 1841 832 1893 sextum.

166 1941 376 2027 Proprietates
392 1951 496 2004 autem
510 1939 664 2003 vorticum
678 1938 738 2004 htc
753 1938 972 2024 Propositione
986 1936 1173 2024 investigare
1187 1950 1315 2002 conatus
1329 1960 1408 2018 sum,

121 2064 157 2115 ut
170 2063 379 2135 pertentarent
394 2050 420 2113 si
435 2047 496 2135 qni
512 2049 631 2113 ratione
645 2048 853 2133 phaenomena
867 2048 1005 2112 coelastia
1025 2069 1084 2133 per
1103 2048 1236 2111 vortices
1261 2048 1411 2133 explicari

119 2159 250 2244 possint.
296 2157 379 2222 Nam
393 2156 623 2242 phaenomeuon
632 2169 697 2234 est,
714 2157 799 2242 quod
813 2157 1011 2242 planetarum
1026 2158 1109 2221 circa
1123 2158 1233 2222 Jovern
1249 2157 1411 2223 revolvan-

119 2267 198 2330 tium
213 2279 354 2350 tempora
367 2264 527 2350 periodica
541 2265 660 2329 suntin
674 2265 794 2329 ratione
810 2265 1026 2351 sesquiplicaui
1042 2265 1258 2331 distantiarum
1272 2279 1410 2332 acentro

119 2373 227 2448 Jovis;
248 2383 280 2436 et
294 2371 403 2436 eadem
418 2370 526 2456 regula
540 2371 662 2437 obtinet
675 2372 708 2435 in
729 2371 862 2455 planetis
887 2371 940 2459 qui
963 2372 1046 2435 circa
1071 2371 1175 2437 Solem
1200 2372 1408 2436 revolvuntur.

120 2479 274 2545 Obtinent
291 2491 395 2543 autern
410 2479 460 2542 hae
476 2480 593 2566 regulae
608 2480 641 2543 in
654 2480 789 2566 planetis
804 2480 946 2567 utrisque
961 2501 1055 2565 quarn
1070 2478 1309 2558 accuratissime,
1332 2478 1410 2566 qusi-

119 2602 210 2654 tenus
225 2589 458 2655 observationes
473 2590 689 2654 astronomicae
703 2590 854 2656 hactenrn
864 2588 1043 2675 prodidire.
1089 2588 1228 2678 Ide6que
1238 2590 1264 2655 si
1274 2589 1409 2675 planeta

118 2698 164 2761 illi
179 2723 198 2761 a
212 2700 378 2763 vorticibus
393 2700 476 2762 circa
489 2699 601 2763 Jovem
615 2712 647 2763 et
663 2699 768 2764 Solem
784 2696 1015 2764 revolventibus
1037 2697 1225 2778 deferantur,
1249 2698 1409 2763 debebunt

119 2805 213 2868 etiam
227 2805 261 2867 hi
276 2806 406 2869 vortices
421 2804 530 2869 eidem
546 2805 614 2893 lege
630 2805 755 2870 revolvi.
800 2804 921 2871 Verdm
935 2818 1077 2893 tempora
1089 2805 1248 2889 periodica
1271 2806 1408 2889 partium

119 2911 243 2974 vorticis
257 2911 441 2994 prodierunt
450 2912 481 2974 in
493 2911 612 2975 ratione
623 2911 780 2996 duplicati
792 2912 1009 2978 distantiarum
1019 2935 1040 2976 a
1049 2924 1158 2977 centro
1168 2925 1291 2979 motus:
1307 2937 1407 2999 neque

119 3030 221 3101 potest
236 3019 315 3081 ratio
330 3018 383 3082 illa
397 3018 528 3082 diminui
543 3033 574 3082 et
588 3018 627 3082 ad
643 3019 796 3085 rationem
812 3018 1062 3106 sesquiplicatam
1077 3018 1194 3098 reduci,
1211 3017 1251 3105 (Β)
1273 3021 1332 3085 nisi
1358 3020 1407 3086 vel

118 3188 201 3236 cuium
218 3187 374 3243 describentis,
401 3191 469 3252 quus
485 3189 563 3236 radius
581 3190 601 3238 P
625 3191 648 3239 8.
685 3191 748 3238 Nam
812 3191 847 3254 (¹)
860 3195 874 3221 ‘
887 3194 948 3240 Haec
959 3192 1025 3240 itass
1035 3194 1157 3247 habebant
1167 3191 1256 3239 iarasa
1272 3190 1349 3254 rigida
1364 3202 1407 3242 aut

119 3263 213 3312 tempus
229 3252 378 3312 periodicum.
396 3254 485 3300 cararia
502 3255 602 3313 paribus,
618 3255 699 3302 crassis
721 3266 749 3302 ut
779 3254 805 3300 in
822 3255 897 3315 spatio
916 3254 968 3301 aliis
983 3256 1109 3303 vacabas
1123 3255 1276 3312 maduo,
1291 3271 1339 3319 qua
1354 3265 1407 3305 tan·

119 3316 228 3362 velocitas
238 3316 475 3374 absolutadecrcscit;
492 3317 532 3363 aed
541 3316 595 3364 ebur
605 3329 683 3366 sortes
692 3335 747 3378 snp-
778 3332 850 3380 qaam
865 3333 926 3374 vass,
940 3317 1015 3380 ¹juxti
1031 3319 1129 3368 carterii
1152 3318 1287 3379 opinionem
1310 3321 1407 3368 matula

119 3389 222 3440 ponatur
242 3395 292 3426 esse
312 3381 336 3426 in
361 3389 422 3426 statu
446 3382 598 3440 permanenti,
621 3391 645 3428 ot
665 3382 747 3429 cadem
780 3381 872 3429 vorticis
881 3381 1021 3429 continetur.
1056 3383 1232 3430 Eabisautcm
1244 3382 1406 3432 chtaaiob·

120 3443 219 3503 proindd
230 3444 331 3490 materia
343 3444 459 3505 quantitas
477 3459 517 3503 par
535 3445 615 3490 latiora
632 3447 705 3505 spatia
720 3455 748 3493 ut
779 3445 945 3492 servationibus
955 3447 1066 3506 sequimr.
1102 3452 1123 3493 1.
1139 3447 1289 3493 Plancianum
1304 3447 1345 3508 qui
1360 3447 1405 3495 cir·

122 3509 142 3554 C
159 3508 188 3562 Α,
199 3518 222 3554 et
233 3522 273 3567 per
283 3508 417 3569 angustiora
428 3518 453 3554 ut
467 3508 486 3554 F
499 3508 533 3560 H.
547 3509 615 3554 simui
631 3518 747 3567 traam
779 3508 808 3555 cd
820 3508 947 3556 carradam
958 3509 1050 3555 vorticis
1059 3519 1166 3558 uanum
1182 3509 1265 3557 eidem
1281 3509 1333 3571 lega
1348 3524 1405 3558 curn

96 3586 105 3601 ··
120 3582 211 3631 oportet
222 3581 248 3618 ut
259 3572 359 3618 manaa
369 3570 477 3617 velocitas
493 3571 518 3617 in
534 3571 613 3631 spatiis
628 3572 747 3619 latiaribus
778 3572 869 3618 vorticis
879 3572 1121 3631 paniistamavem
1139 3573 1224 3622 orbius
1238 3571 1269 3621 ed
1284 3573 1360 3636 magis
1373 3574 1405 3623 ad

120 3635 249 3687 minuatur,
265 3645 289 3681 ct
305 3636 329 3681 in
347 3635 518 3695 angustioribus
533 3644 653 3696 sugantur.
690 3637 746 3691 Quo
777 3635 857 3682 circuli
869 3635 969 3697 figuram
979 3636 1089 3684 aedera
1098 3637 1183 3685 debere
1192 3652 1241 3698 quo
1253 3648 1334 3684 centra
1352 3651 1405 3685 ια-

120 3699 147 3744 tit
160 3709 185 3745 ut
196 3699 308 3757 particula
320 3699 349 3753 P,
359 3698 441 3744 soriam
452 3698 500 3746 saris
515 3709 617 3759 tempore
633 3699 746 3746 describat
777 3700 828 3745 ticis
838 3700 955 3758 propiores
965 3710 1035 3757 sunt3
1051 3709 1075 3747 st
1082 3699 1405 3761 proptsredsacantricitatem

119 3762 216 3810 orbitarn
237 3764 257 3809 B
282 3762 303 3809 P
326 3764 349 3809 G
373 3762 402 3818 B,
425 3777 472 3823 quo
495 3762 614 3809 velocitate
635 3762 746 3810 mediocri
777 3762 857 3810 arbita
870 3763 982 3809 Mercurii
992 3762 1063 3823 loagd
1072 3765 1189 3812 minorem
1201 3780 1252 3811 casa
1269 3764 1405 3812 αοειιιιὶεἰ-

119 3826 256 3873 describerat
266 3826 381 3873 circulum
392 3827 459 3888 cujus
470 3836 529 3873 essct
539 3826 617 3872 radius
627 3825 649 3873 P
660 3827 683 3872 8.
777 3834 825 3873 tate
835 3827 915 3874 arbit·
927 3826 1021 3872 &turni
1031 3836 1055 3874 ct
1070 3828 1177 3875 omnium
1192 3827 1338 3888 asperiorum
1355 3828 1405 3888 pia·

153 3889 184 3953 (ἴ)
197 3893 209 3919 ⁸
222 3894 303 3952 Neque
310 3900 387 3937 tanuen
392 3893 514 3951 porticula
523 3892 646 3938 velociores.
683 3890 746 3937 Nam
777 3899 892 3944 natarum,
903 3889 983 3936 contri
993 3892 1162 3939 mom
1170 3891 1339 3939 summitas.
1361 3893 1405 3940 80·

120 3965 197 4000 sortes
210 3968 257 3999 non
269 3963 402 4013 potestesse
413 3953 438 4000 in
448 3963 509 4001 statu
528 3954 674 4012 permanenti
689 3955 747 4015 quin
777 3953 858 4015 quitur
868 3959 889 4000 2.
903 3953 927 3999 in
945 3953 1081 4002 Carteaiani
1097 3955 1217 4016 bypatbesi
1232 3955 1340 4015 explicavi
1356 3970 1404 4003 nan

118 4017 232 4077 particula
247 4017 273 4070 P.
287 4017 310 4062 in
322 4017 401 4076 spatiis
410 4018 581 4079 angustioribus
596 4017 618 4063 L
631 4017 664 4072 N,
678 4017 698 4065 F
711 4017 746 4074 Η,
778 4032 845 4078 pona
860 4032 902 4064 cur
917 4016 1016 4078 planeta
1031 4018 1123 4079 ellipscs
1137 4028 1263 4074 accuratas,
1280 4034 1329 4066 ncn
1350 4017 1405 4068 mo

118 4080 149 4127 sd
161 4091 265 4128 reanum
280 4080 415 4138 Saccedatr
433 4092 456 4128 et
467 4080 520 4129 ided
533 4096 624 4128 ncesse
634 4091 669 4128 est
678 4090 706 4128 ut
722 4081 747 4127 in
778 4081 877 4128 &caica
886 4092 927 4126 aut
938 4081 1075 4141 irregulares
1088 4083 1176 4145 figuras
1190 4083 1326 4130 describam
1363 4083 1405 4130 Ss-

118 4145 201 4191 iisdem
213 4144 293 4204 spatiis
303 4154 400 4191 conatus
409 4144 557 4192 recedendia
572 4153 652 4191 cantro
667 4144 747 4191 ιιιίιιὺι
778 4144 858 4206 quitur
868 4151 892 4191 ³.
903 4145 1010 4192 munium
1021 4145 1148 4193 orbitanim
1159 4147 1250 4206 spiselis
1260 4156 1284 4193 et
1294 4147 1405 4205 paribelia

118 4217 234 4270 augeatur
243 4224 284 4268 par
295 4209 464 4255 incrementum
480 4209 613 4265 velocitatis,
628 4208 700 4268 qusai
711 4208 746 4254 di·
778 4225 792 4255 a
805 4208 859 4256 Sole
869 4219 969 4269 spectata
980 4209 1005 4254 in
1017 4209 1098 4256 iisdem
1106 4210 1167 4256 iuter
1175 4211 1233 4256 iisas
1241 4210 1297 4257 locis
1305 4225 1405 4271 casape-

117 4271 462 4333 miuuiturperdecrementum
471 4283 606 4319 curvaturas.
631 4272 675 4320 Est
683 4273 747 4319 cuim
778 4272 822 4319 sita
832 4271 903 4334 atqui
917 4272 1014 4320 immota
1028 4288 1137 4330 manem
1153 4273 1208 4320 cdm
1223 4283 1301 4320 tamen
1317 4287 1346 4319 aa
1362 4275 1404 4321 ab·

119 4338 154 4382 sis
163 4336 211 4398 qai
222 4335 335 4396 particula
347 4336 377 4392 Ρ,
388 4336 413 4382 iu
424 4337 476 4383 ioco
489 4337 520 4393 G,
533 4337 615 4383 nititur
624 4350 639 4383 a
647 4337 746 4383 eircum-
777 4336 945 4383 servationrbus
953 4338 1111 4384 astronomicis
1117 4349 1204 4384 certum
1212 4338 1249 4392 sit,
1258 4337 1405 4397 planetarum

118 4400 218 4447 ferentii
230 4401 258 4447 nl
273 4400 295 4447 G
307 4400 419 4454 rsoederc,
431 4410 459 4448 ut
468 4402 606 4464 quadratum
621 4399 747 4447 velocitatis
778 4400 869 4460 apbeiia
879 4414 894 4447 a
903 4415 929 4447 ae
939 4400 1038 4447 invicem
1048 4400 1119 4464 longe
1128 4403 1213 4448 dissue
1223 4412 1247 4448 et
1257 4402 1321 4448 lanta
1337 4413 1405 4450 motu

118 4463 238 4525 particula
254 4461 341 4511 diveat
357 4473 380 4509 ct
394 4463 472 4511 radius
482 4463 564 4511 circuli
574 4478 668 4511 crrrram
679 4478 746 4510 σιω·
777 4464 823 4527 agi.

118 4527 223 4575 laistisia
237 4527 269 4581 G,
282 4526 370 4574 inversd
382 4529 450 4591 (Car.
467 4532 486 4575 1.
503 4528 572 4589 Prop-
588 4527 633 4576 lv.
653 4536 678 4574 et
695 4538 743 4575 not.
811 4527 848 4591 (³)
861 4530 874 4557 ⁸
898 4529 1101 4576 Nssitrimateria
1113 4529 1199 4577 corticis
1214 4527 1239 4576 ed
1250 4531 1350 4594 fluidior
1367 4531 1402 4578 sie.

121 4596 174 4640 tut.
187 4591 241 4639 Lib.
254 4590 297 4651 1.).
736 4652 761 4702 υ
780 4591 840 4655 (Par
849 4600 898 4640 nat·
910 4591 978 4651 ³39.)
