3098 5534
120 388 235 457 Linan
251 390 418 475 Paucos]
506 388 750 459 PRlN-CIPIA
777 390 1152 457 ΜΑΤΗΕΜΑΤΙΟΑ.
1379 387 1422 444 ⁵9

115 564 158 629 ad
172 566 299 631 ultimas
313 566 522 655 quantitatum
536 564 784 631 evanescentium
798 588 934 629 summas
948 576 980 629 ot
994 565 1137 644 rationes,
1161 565 1339 651 primasque
1363 587 1420 630 na·

115 674 281 753 acontium,
304 675 340 738 id
369 686 425 753 cst,
448 673 489 738 ad
518 673 630 737 limites
645 674 700 757 (⁰)
723 694 913 737 summarum
944 684 976 736 et
1004 674 1161 735 rationum
1189 672 1361 751 denucere;
1388 685 1421 737 et

113 794 284 867 propterea
297 782 434 846 limitum
448 782 573 845 illorum
583 781 862 845 demonstrationes
876 777 937 865 quii
952 779 1040 864 potui
1054 779 1205 843 brevitate
1216 781 1418 864 praemittere.

116 890 180 955 His
193 890 280 953 enim
290 889 377 955 idem
391 900 556 973 proestatur
579 887 665 974 quod
687 909 745 972 per
767 886 950 950 methodum
974 885 1220 963 indivisibilium3
1242 900 1274 950 et
1297 888 1417 971 princi-

113 998 174 1083 piis
197 996 420 1063 demonstratis
438 999 505 1081 jam
528 993 623 1060 tutids
639 1006 772 1058 utemur.
818 992 955 1057 Proinde
969 993 1003 1055 in
1018 994 1226 1079 sequentibus,
1249 994 1418 1079 siquando

114 1105 304 1191 quantitates
318 1116 468 1189 tanquam
482 1126 524 1168 ex
537 1103 695 1187 particulis
706 1112 881 1165 constantes
902 1100 1148 1179 consideravero,
1172 1102 1221 1165 vel
1235 1102 1261 1165 si
1275 1124 1334 1185 pro
1349 1123 1417 1165 rec·

113 1213 156 1275 tis
170 1234 364 1297 usurpavero
377 1211 507 1275 lineolae
528 1232 652 1285 curvas3
674 1209 772 1271 nolim
786 1207 993 1285 indivisibilia,
1017 1208 1072 1271 sed
1087 1209 1300 1272 evanescentia
1313 1208 1419 1271 divisi-

112 1320 200 1397 bilia,
222 1340 290 1383 non
315 1340 451 1383 summas
474 1329 506 1381 et
528 1318 662 1381 rationes
673 1317 808 1400 partium
825 1316 881 1401 (Ρ)
903 1314 1188 1392 determinatorum,
1212 1314 1266 1377 sed
1281 1336 1416 1377 summa-

112 1448 186 1491 rum
201 1438 234 1491 et
248 1425 407 1490 rationum
420 1423 534 1487 limites
548 1445 672 1508 semper
687 1422 816 1509 intelligi
821 1445 830 1498 ;
853 1422 977 1506 vimque
992 1421 1101 1484 talium
1116 1421 1416 1486 demonstrationum

111 1534 157 1599 ad
169 1534 357 1598 methodum
371 1532 616 1618 praecedentium
631 1531 809 1595 lemmatum
825 1550 945 1613 semper
967 1529 1115 1593 revocari.

158 1640 306 1726 Objectio
327 1652 383 1717 est,
407 1638 492 1725 quod
518 1638 724 1725 quantitatum
756 1636 1003 1699 evanescentium
1029 1636 1117 1699 nulla
1144 1635 1184 1697 sit
1211 1635 1321 1698 ultima
1341 1657 1416 1719 pro·

111 1749 235 1833 portio;
258 1747 376 1833 quippe
390 1768 470 1831 qure,
494 1758 660 1830 antequam
674 1757 875 1821 evanuerunt,
898 1766 963 1806 non
987 1753 1033 1807 est
1058 1741 1179 1819 ultima3
1202 1742 1256 1805 ubi
1282 1766 1416 1808 evanue-

111 1866 198 1933 runt,
220 1854 310 1917 nulla
332 1866 388 1917 est.
433 1851 497 1917 Sed
522 1864 554 1915 et
579 1851 689 1915 eodem
711 1863 895 1937 argumento
916 1872 1005 1935 aeque
1019 1849 1166 1913 contendi
1180 1860 1284 1932 posset
1296 1850 1416 1913 nullam

109 1984 178 2026 esse
192 1961 335 2045 corporis
349 1958 390 2023 ad
405 1973 525 2022 certum
539 1957 653 2035 locum,
677 1957 730 2021 ubi
745 1971 847 2020 motus
869 1958 1003 2033 firrintur,
1027 1957 1234 2040 pervenientis
1249 1958 1307 2041 (q)
1330 1957 1415 2021 velo·

111 2068 241 2133 citatem
265 2066 420 2130 ultimam:
444 2064 526 2127 haric
551 2064 645 2142 enim,
669 2076 833 2150 aritequam
857 2085 970 2146 corpus
993 2063 1117 2149 attingit
1129 2063 1245 2140 locum,
1270 2085 1334 2126 non
1349 2084 1416 2127 esse

112 2172 274 2249 ultimam3
296 2172 352 2236 ubi
375 2171 508 2259 attingit,
531 2171 650 2234 nullam
673 2194 746 2235 esse.
792 2171 835 2234 Et
856 2170 1016 2253 responsio
1030 2170 1127 2232 facilis
1147 2181 1205 2233 est:
1228 2191 1286 2252 per
1301 2169 1416 2235 veloci·

112 2293 213 2345 tatem
230 2280 371 2344 ultimam
387 2279 519 2365 intelligi
533 2302 612 2355 earn,
636 2276 697 2363 quii
720 2299 834 2361 corpus
855 2289 1007 2353 movetur,
1023 2298 1125 2361 neque
1139 2289 1306 2360 antequam
1321 2276 1415 2341 attin-

111 2389 163 2475 git
188 2388 295 2451 locum
316 2386 462 2450 ultimum
483 2400 515 2450 et
529 2400 631 2447 motus
646 2396 751 2461 cessat,
769 2372 876 2469 'neque
890 2394 1006 2466 postea,
1030 2382 1085 2445 sed
1099 2394 1174 2444 tunc
1189 2403 1261 2445 cum
1275 2383 1415 2470 attingit3

112 2494 223 2573 idest,
247 2492 333 2557 illam
349 2493 449 2577 ipsam
463 2491 657 2555 velocitatem
671 2490 805 2577 quicum
820 2512 933 2574 corpus
949 2490 1074 2576 attingit
1097 2489 1201 2553 locuni
1217 2489 1363 2552 ultimum
1381 2503 1415 2555 et

115 2683 165 2716 raa
199 2665 264 2713 Nasu
275 2662 454 2711 considerabant
469 2662 586 2725 polygons
604 2663 698 2712 circulis
714 2664 753 2711 in·
785 2664 889 2711 curatius
899 2662 1042 2724 procederet,
1064 2663 1118 2712 loco
1127 2663 1305 2712 indivisibilium
1327 2680 1413 2715 erana·

113 2732 205 2791 scripta
210 2738 324 2807 tamquam
331 2727 460 2787 composita
467 2728 602 2775 exintinitis
610 2743 709 2775 numero
715 2740 751 2775 at-
784 2728 873 2775 scentio
883 2726 1007 2774 divisibilia
1017 2728 1143 2783 substituit,
1155 2738 1180 2775 et
1194 2728 1338 2791 quantitates
1357 2730 1414 2777 Ms-

114 2792 270 2859 qoainliaite
278 2792 356 2852 parvis
368 2792 748 2850 mansuescentibuslatcribus3
781 2792 916 2838 thematicas
934 2807 984 2838 non
1005 2800 1033 2839 ut
1055 2807 1084 2838 ex
1100 2792 1288 2853 partibusquam
1309 2792 1415 2842 minimis

114 2857 274 2908 mandatum
284 2864 366 2902 autem
375 2865 411 2901 erc
419 2854 575 2902 dirimendam
585 2855 696 2917 polygoni
712 2856 750 2902 in·
781 2866 920 2913 constantes,
927 2855 969 2901 scd
975 2865 1002 2903 ut
1013 2866 1080 2903 motu
1092 2856 1207 2904 continuo
1218 2856 1347 2916 descriptas
1356 2874 1414 2907 com

114 2919 317 2982 seriptiacirculo
324 2917 468 2979 quiriacae
477 2919 593 2966 minorem
601 2921 709 2980 componi
721 2935 750 2966 ex
782 2919 878 2977 siderat;
895 2921 1007 2980 supponit
1017 2920 1133 2967 nimirum
1141 2921 1215 2967 lineas
1222 2921 1324 2967 describi
1333 2937 1361 2969 ac
1372 2922 1414 2971 de·

115 2986 218 3036 infinitis
228 2997 329 3031 numero
339 2981 507 3044 atqueiniinite
518 2984 594 3042 parvis
604 2999 646 3033 seu
655 2999 750 3031 evanes-
782 2983 1072 3045 scriliendogenerarinon
1079 2984 1412 3045 pcrappositionempanium,

115 3045 317 3099 ceunbuscirculi
324 3046 452 3109 segmentis
461 3062 563 3108 quorum
570 3046 642 3094 latera
651 3047 748 3110 polygo«
781 3047 822 3096 sed
839 3058 983 3107 permotum
999 3049 1140 3096 continuum
1152 3057 1303 3109 punctorum,
1314 3050 1414 3110 superb.

116 3116 145 3163 ni
155 3123 212 3161 sunt
221 3111 329 3169 ebord03
345 3112 397 3157 bac
407 3108 461 3157 verti
472 3122 594 3172 segmenta
604 3122 661 3158 sunt
678 3112 749 3160 mini·
780 3113 827 3159 cies
845 3127 887 3170 per
904 3121 995 3159 motum
1007 3111 1131 3166 linearum,
1149 3123 1173 3159 et
1183 3112 1258 3160 solida
1270 3129 1312 3174 per
1321 3124 1414 3161 motum

87 3216 99 3231 ,
116 3194 166 3227 m
175 3176 319 3239 quantitates
329 3173 377 3221 itta
387 3190 446 3236 quas
452 3174 550 3221 secundi
560 3175 649 3221 ordinis
670 3176 750 3223 inlini·
780 3176 964 3236 superiicierum,
976 3176 1078 3237 angulos
1098 3192 1141 3236 per
1152 3177 1293 3224 rotationem
1304 3178 1412 3235 laterum,

116 3244 216 3291 oeaimas
232 3238 318 3287 dicunt
330 3238 487 3285 Recentiorca.
524 3238 575 3286 llic
590 3241 673 3299 pedem
691 3239 750 3287 fixe·
781 3251 933 3300 temporapcr
941 3239 1034 3287 fluxum
1043 3241 1261 3297 continuum,etsic
1269 3241 1293 3288 in
1303 3242 1397 3289 caeteris.

116 3316 278 3358 ammes,
297 3302 434 3364 primusque
443 3302 538 3363 longius
554 3304 662 3365 progredi
678 3320 751 3351 ausus
815 3305 849 3367 (ο)
862 3310 913 3351 1³⁸.
928 3304 973 3351 Ubi
985 3320 1039 3352 area
1049 3304 1177 3352 curvilinea
1188 3307 1213 3351 in
1223 3306 1415 3368 parallelogram-

116 3381 154 3419 εκ
163 3367 331 3418 ecmannus
341 3366 467 3414 Geoiueira
477 3370 643 3416 Bonaventura
653 3368 750 3415 Cavue·
782 3383 821 3415 ma
831 3368 952 3415 rectilinea
962 3368 1082 3423 dividitur.
1101 3378 1125 3416 et
1135 3385 1218 3415 eorum
1240 3385 1355 3417 numerus
1370 3387 1414 3417 au·

118 3436 177 3491 rius,
188 3433 230 3497 qui
238 3446 303 3479 anno
312 3435 381 3485 16³5,
389 3430 566 3478 indivisibilium
577 3431 714 3479 methodum
725 3433 751 3478 in
782 3442 852 3495 gctur
866 3442 937 3493 atque
950 3432 1052 3479 latitudo
1068 3433 1185 3480 minuitur
1194 3433 1221 3479 in
1232 3433 1359 3490 infinitum,
1371 3436 1414 3482 ho.

116 3496 273 3564 gennensium
294 3493 431 3542 introduxit.
478 3497 534 3544 Hoc
552 3496 656 3557 primum
673 3497 752 3554 posuit
782 3512 836 3543 rum
854 3496 1126 3558 parallelogrammorum
1148 3513 1242 3545 summa
1263 3499 1344 3561 (Lem.
1366 3499 1412 3561 2.),

117 3580 169 3612 aua
183 3559 290 3609 neibodi
301 3558 430 3614 decretum,
441 3559 516 3607 lineas
527 3560 612 3620 nempe
622 3575 651 3606 ex
671 3560 750 3607 inlini-
783 3575 906 3621 nunquam
921 3570 995 3621 potest
1014 3578 1065 3608 esse
1082 3563 1157 3623 major
1164 3562 1361 3618 areicurvilineih
1372 3564 1414 3611 scd

116 3630 149 3677 tis
159 3624 256 3687 punctis
265 3632 378 3677 eandm.
387 3624 521 3682 superficies
531 3638 560 3670 ex
571 3624 668 3671 infinitis
676 3624 751 3680 lineis,
783 3626 833 3671 hac
844 3640 897 3671 area
908 3634 944 3671 est
961 3625 1076 3672 terminus
1092 3626 1123 3673 od
1134 3642 1205 3687 quern
1221 3625 1414 3688 parallelogram.

116 3704 143 3741 et
152 3689 231 3738 solida
240 3702 271 3735 ex
281 3686 380 3734 induitis
389 3688 571 3748 superficiebus3
588 3688 672 3735 deinde
689 3688 749 3734 indi·
783 3704 877 3735 morum
885 3688 1070 3737 decrescentium
1082 3706 1175 3737 summa
1183 3706 1276 3750 semper
1286 3690 1376 3738 accedit
1390 3700 1415 3739 ct

117 3754 220 3803 visibilia
227 3752 270 3799 illa
279 3752 403 3809 clementa,
411 3762 531 3814 totamque
541 3768 623 3799 corum
634 3768 752 3799 summam
783 3768 853 3815 quem
875 3752 971 3799 tandem
998 3755 1099 3816 attingit,
1127 3755 1168 3802 ubi
1196 3755 1415 3816 parallelogramma

117 3826 242 3879 apparat
251 3817 277 3863 iu
287 3815 337 3864 unii
346 3817 511 3878 magnitudine
520 3832 577 3864 cum
587 3816 687 3878 singulis
704 3816 752 3863 ele·
783 3827 925 3864 evariescunt
935 3828 977 3865 aut
987 3828 1123 3866 nascuntur·
1158 3819 1227 3866 Idem
1247 3819 1373 3865 dicendum
1384 3818 1415 3867 dc

119 3884 208 3933 mnus
225 3894 357 3943 corumque
367 3880 497 3927 sunmiiin
516 3880 563 3927 alii
581 3880 750 3943 magnitudine.
784 3882 976 3940 evanescentibus
987 3898 1113 3931 curvarum
1123 3883 1215 3930 chordis
1229 3894 1336 3943 respectu
1353 3885 1415 3943 peri-

118 3962 144 3997 et
154 3946 299 3996 sicduarum
307 3944 501 4005 magnitudinum
513 3944 627 3992 rationem
642 3944 752 3991 detenui-
784 3945 853 3992 metri
863 3944 1005 3993 curvilinete.

119 4024 171 4061 nat.
216 4011 279 4057 Hoc
297 4018 378 4056 autem
396 4010 556 4071 quantitatum
575 4008 753 4055 indivisibilium
817 4010 852 4073 (n)
873 4013 925 4058 159.
957 4011 1108 4065 Quantitates
1134 4021 1296 4059 evanescentes
1322 4012 1415 4073 concipi

120 4075 257 4139 hypothesis
266 4072 349 4120 uuum
358 4073 485 4137 minusque
495 4073 637 4136 geometrica
650 4074 752 4121 Nawro·
785 4088 833 4120 non
844 4072 931 4121 debern
939 4075 1171 4123 velutdeterminatoe
1178 4085 1220 4122 aut
1227 4075 1417 4125 determinabiles

121 4142 265 4191 revincat.
785 4137 893 4199 quodam
901 4139 1337 4202 portionesquantitatumquaeccrtam
1346 4140 1415 4189 etde·

154 4206 193 4269 (n)
213 4208 267 4251 1³7.
287 4195 437 4259 Nannenus,
460 4211 489 4249 ut
506 4200 631 4249 indirectas
654 4212 679 4248 et
700 4216 753 4262 per-
786 4202 1018 4261 tinitarnparvitatem
1027 4204 1154 4251 obtineant
1174 4205 1416 4266 erascumqueenim

120 4268 420 4332 plexassitarctvcterum
435 4264 651 4319 demonstrationes,
670 4280 752 4311 eannn
785 4265 947 4326 portiunculas
958 4266 1081 4320 linearum,
1094 4268 1269 4328 superficierum
1280 4281 1322 4316 aut
1333 4285 1416 4331 corpo-

120 4344 203 4382 tasuen
213 4330 380 4379 certitudinem
395 4338 421 4377 ct
435 4330 577 4376 evidentiam
599 4340 753 4382 conservaret,
787 4345 840 4376 rum
847 4332 1006 4390 acceperimus
1014 4342 1056 4379 aut
1063 4332 1270 4393 designaverimus.
1280 4334 1318 4381 bre
1325 4350 1418 4395 semper

120 4408 230 4447 verarum
240 4394 384 4455 principium
402 4394 512 4441 lemmate
530 4395 606 4455 primo
618 4394 756 4453 generaliter
787 4393 863 4454 reipsa
871 4394 944 4441 finitae
952 4406 1028 4450 crunt,
1039 4410 1087 4442 non
1095 4398 1358 4459 evanescentes5itaquc
1367 4414 1415 4446 non

119 4462 241 4523 expradt,
261 4458 370 4519 illudque
388 4458 413 4504 in
432 4458 549 4505 lemmatis
559 4458 708 4519 sequentibus
725 4457 756 4505 ud
788 4469 844 4505 sunt
854 4456 916 4504 iatri
926 4471 1000 4507 certos
1011 4460 1123 4507 tennincs
1133 4462 1284 4521 quantumvis
1299 4463 1417 4520 proximos

120 4542 205 4575 curtas
226 4524 358 4587 generatim
377 4522 507 4583 applicavit,
535 4533 560 4569 ct
581 4522 636 4569 inde
657 4521 755 4568 directim
786 4522 938 4577 coarctanda,
958 4523 1021 4569 unde
1038 4525 1075 4570 hae
1085 4525 1226 4585 quantitates
1236 4542 1328 4586 semper
1338 4538 1365 4573 ut
1376 4526 1418 4574 de·

121 4594 292 4653 partsmeaque
304 4586 515 4643 demonstrationis
525 4587 550 4633 in
561 4596 610 4633 toto
627 4588 702 4646 citeris
712 4585 752 4633 de·
786 4596 914 4633 crescentes
923 4603 950 4635 ac
961 4586 1240 4648 perpetuodimiuuendo
1245 4590 1318 4651 accipi
1326 4589 1419 4639 debent.

123 4671 194 4704 eursu
204 4652 319 4712 ‹lc-ilarii.¹
344 4652 382 4699 ta
399 4662 480 4698 autem
494 4651 596 4697 methodi
609 4650 755 4697 indivisibili.
820 4650 855 4714 (ιι)
870 4656 917 4698 lto
941 4651 1052 4712 Eamnpli
1068 4652 1146 4710 causi,
1165 4654 1243 4716 gravis
1258 4652 1352 4701 aursino
1363 4670 1417 4717 pio·

123 4736 165 4769 cat
175 4719 315 4769 laevitatem
325 4724 493 4779 mundar,
505 4716 580 4765 rudus
590 4725 668 4764 tamon
677 4724 707 4783 'ct
717 4730 755 4764 ac·
784 4715 841 4779 jecti
852 4724 876 4764 ct
886 4718 917 4765 cd
924 4716 1065 4765 adtissirnum
1075 4717 1154 4767 locum
1165 4718 1328 4781 pervenientis.
