3098 5534
598 342 860 410 PRAEFATIO.
1277 336 1358 409 xxiii

60 535 124 588 tem
132 518 220 585 hanc
235 518 374 584 fabulam
389 518 589 605 rejiciendam
599 541 666 584 esse
675 530 776 603 putet,
791 518 876 582 idem
890 529 923 583 et
932 517 1062 582 alteram
1072 516 1209 582 fabulam
1220 518 1355 604 rejiciet:

59 651 133 696 nam
147 651 248 694 ovum
261 649 327 692 non
341 640 391 693 est
406 649 467 693 ovo
481 626 622 705 similius,
645 625 740 713 quim
760 623 941 712 hypothesis
956 623 1236 710 atrnosphaerarum
1255 624 1356 711 hypo-

60 730 143 806 tlieai
158 733 329 804 rorticum.
827 781 828 784 =

68 836 76 851 ⁶
103 847 232 912 Docuit
253 839 419 927 Galiloeus,
441 845 554 932 lapidis
573 845 704 933 projecti
726 855 758 910 et
779 845 812 909 in
832 843 983 930 parabola
1003 844 1081 908 moti
1103 842 1318 909 deflectionem
1332 867 1358 921 Ιιι

62 979 155 1023 cursu
180 946 345 1023 rectilineo
369 956 484 1021 oriris
508 957 660 1044 gravitate
682 955 795 1039 lapidis
820 954 854 1017 in
880 967 1006 1032 terram,
1030 952 1070 1019 ab
1093 952 1216 1017 occulta
1239 951 1358 1018 scilicet

61 1065 222 1153 qualium
260 1064 354 1129 ¹Fieri
368 1076 474 1129 tamen
487 1073 592 1148 potest
605 1075 641 1126 ut
655 1061 733 1126 alius
748 1061 870 1147 aliquis,
893 1061 962 1124 nasi
976 1054 1123 1124 acutioris
1137 1059 1355 1145 philosophus,

60 1193 189 1236 eausam
203 1170 299 1235 aliam
314 1169 584 1234 comminiscamr.
631 1168 745 1255 Finget
758 1167 855 1254 igitur
868 1165 921 1231 ille
934 1166 1096 1230 materiam
1110 1164 1267 1251 quandam
1283 1166 1357 1230 sub-

58 1266 157 1357 tilem,
182 1301 256 1366 quae
280 1301 340 1343 nec
361 1277 442 1355 visu,
465 1297 524 1341 nee
549 1288 644 1354 tactu,
668 1296 771 1361 neque
792 1272 858 1338 ullo
881 1293 975 1337 sensu
995 1271 1176 1356 percipitur,
1192 1271 1309 1335 versari
1324 1272 1357 1336 in

58 1387 244 1476 regionibus
270 1408 343 1473 quae
364 1382 509 1472 proxime
527 1385 712 1471 contingunt
737 1381 856 1448 telluris
882 1380 1088 1468 superficiem.
1133 1380 1231 1446 Hanc
1252 1394 1357 1446 autem

59 1496 240 1574 materiam,
256 1496 290 1559 in
305 1495 444 1560 diversas
459 1493 578 1582 plagas,
593 1492 687 1556 variis
702 1501 734 1556 et
747 1491 932 1579 plerumque
947 1490 1110 1556 contrariis
1124 1491 1261 1556 motibus
1272 1490 1356 1570 ferri,

58 1616 92 1670 et
104 1603 207 1669 linem
220 1602 418 1689 parabolicus
439 1601 616 1667 describere
634 1601 812 1666 contendet.
855 1599 982 1666 Deinde
1008 1622 1084 1665 vero
1102 1600 1217 1687 lapidis
1243 1601 1358 1667 deflec-

57 1713 182 1778 tionem
194 1709 370 1798 pulchre
345 1734 390 1776 src
405 1710 561 1796 expediet,
584 1721 617 1776 et
630 1709 716 1798 vulgi
730 1691 876 1796 plausum
889 1711 1069 1776 merebitur.
1113 1711 1254 1803 Lapis,
1245 1695 1356 1811 inquit,

56 1819 93 1883 in
116 1817 218 1883 fluido
238 1817 295 1881 illo
316 1816 424 1881 subtili
444 1826 540 1893 natat,
564 1827 596 1880 et
615 1815 720 1879 cursui
745 1817 812 1901 ejus
838 1816 1051 1904 obsequendo,
1073 1838 1140 1882 non
1162 1829 1268 1904 potest
1292 1838 1359 1914 non

58 1925 196 1992 eandem
209 1923 275 1990 uni
288 1916 431 1990 semitam
446 1923 633 1988 describere.
680 1922 828 1989 Fluidum
848 1923 925 1988 verb
946 1938 1091 1991 movetur
1105 1927 1139 1990 in
1162 1926 1250 1991 lineis
1265 1949 1358 2011 para-

58 2034 194 2111 bolicis3
216 2055 295 2121 ergo
308 2031 477 2118 lapidem
468 2053 501 2095 ιιι
524 2029 675 2116 parabola
693 2031 813 2094 moveri
833 2052 962 2095 necesse
987 2045 1044 2097 est.
1090 2032 1171 2108 Quis
1193 2053 1278 2096 nunc
1292 2053 1358 2097 non

57 2140 231 2207 mirabitur
241 2139 457 2203 mutissimum
470 2130 602 2222 hujusce
615 2134 796 2222 philosophi
806 2136 979 2225 ingenium,
992 2160 1033 2202 ex
1048 2138 1148 2202 causis
1157 2139 1356 2218 mechanicis,

59 2243 195 2311 materiai
211 2244 333 2311 scilicet
346 2258 379 2310 et
392 2257 491 2322 motu,
513 2243 723 2329 phaenomena
736 2254 857 2307 naturae
871 2244 912 2307 ad
926 2244 1012 2331 vulgi
1027 2246 1120 2309 etiam
1135 2260 1260 2330 captum
1276 2270 1358 2333 prae·

59 2355 146 2421 clare
160 2351 374 2418 deduoentis?
396 2351 478 2429 Quis
496 2349 573 2415 verb
597 2372 664 2414 non
688 2349 892 2415 subsannabit
916 2351 1034 2414 bonum
1060 2351 1149 2417 illum
1176 2342 1360 2433 Galilaeum,

60 2462 117 2550 'qui
130 2483 253 2549 magno
277 2459 440 2524 molimine
454 2458 675 2523 mathematico
690 2457 855 2544 qualitates
875 2458 1021 2537 occultas,
1038 2459 1270 2546 ephilosophia
1290 2462 1357 2543 feli·

59 2571 139 2635 citer
170 2567 330 2645 exclusas,
354 2564 461 2631 denud
490 2586 636 2629 revocare
660 2562 864 2630 sustinuerit?
900 2565 964 2630 Sed
992 2565 1091 2650 pudet
1118 2568 1211 2658 nugis
1241 2565 1357 2635 diutivls

60 2696 238 2740 immorari.

89 2784 241 2849 'Summa
254 2781 302 2847 rei
320 2782 384 2846 hnc
397 2782 525 2847 tandem
542 2781 642 2848 redit:
665 2794 859 2848 cometarum
873 2784 984 2872 ingens
998 2797 1047 2850 est
1064 2807 1231 2865 nnmerus3
1253 2799 1357 2856 motus

61 2910 170 2953 eorum
185 2899 263 2953 sunt
285 2887 406 2952 summe
421 2888 591 2976 regulares,
615 2901 646 2954 et
669 2889 795 2953 easdem
814 2889 900 2977 leges
915 2912 987 2955 cum
1005 2891 1203 2976 planetarum
1220 2896 1357 2961 motibus
1433 2939 1436 2952 ι

63 2997 241 3062 observant.
286 2995 460 3062 Moventur
473 2997 507 3060 in
526 2997 654 3061 orbibus
669 2998 796 3075 conicis,
819 2998 853 3061 hi
865 2999 958 3063 orbes
984 3012 1059 3064 sunt
1072 3001 1163 3066 valde
1186 3003 1357 3071 admodum

62 3102 238 3168 ementriei.
285 3102 444 3168 Feruntur
456 3103 596 3189 undique
620 3103 654 3167 in
671 3124 781 3168 omnes
799 3104 949 3168 ooelorum
968 3119 1083 3190 partes,
1107 3120 1139 3173 et
1160 3109 1358 3193 planetarum

63 3212 206 3298 regiones
216 3209 377 3275 liberrime
392 3221 622 3296 pertranseunt,
645 3222 677 3275 et
691 3209 775 3296 soepe
799 3210 908 3275 contri
931 3213 1092 3300 signorum
1107 3215 1250 3281 ordinem
1271 3198 1369 3284 inse-i

64 3317 148 3384 dunt.
196 3318 283 3385 Haec
296 3316 507 3402 phaenomena
520 3315 691 3382 cemesime
713 3317 939 3383 confirmantur
960 3342 1001 3384 ex
1017 3320 1285 3389 observationibus
1308 3350 1357 3391 as.

64 3425 263 3490 tronomicis:
287 3437 319 3489 et
332 3445 391 3509 per
404 3424 537 3488 vortices
551 3436 710 3510 nequeunt
724 3424 884 3507 explicari.
908 3424 989 3504 Imb,
1000 3427 1178 3513 nequidem
1194 3452 1268 3495 eum
1283 3456 1356 3498 vor-

64 3533 173 3597 ticibus
187 3532 388 3616 planetarum
403 3531 573 3595 consistere
586 3543 729 3614 possunt.
761 3531 965 3596 Cometarum
976 3535 1113 3599 motibus
1124 3539 1254 3605 omnino
1268 3541 1356 3609 locus

65 3662 125 3706 non
138 3640 219 3716 erit3
246 3639 310 3704 nisi
323 3639 457 3703 materia
469 3638 525 3702 illa
538 3637 649 3703 fictitia
662 3640 787 3725 penitus
802 3663 820 3705 e
834 3640 922 3706 coelis
936 3658 1127 3711 amoveatur.

105 3749 140 3814 Si
169 3746 257 3812 enim
280 3744 417 3830 planetae
442 3743 561 3809 eircrim
582 3745 682 3810 solem
709 3769 730 3810 ιι
757 3747 927 3813 vorticibus
955 3748 1153 3819 devehuntur
1162 3780 1177 3833 ς·
1203 3757 1356 3823 vorticum

65 3868 177 3938 partes,
199 3873 273 3938 quae
287 3849 432 3937 proxime
461 3851 604 3916 ambiunt
626 3874 881 3940 unumquemque
904 3856 1077 3941 planetam,
1098 3863 1238 3948 ejusdem
1251 3865 1356 3931 densi·

66 3964 132 4029 tatis
146 3974 242 4028 erunt
266 3982 304 4025 ac
325 3959 468 4044 planeta3
490 3961 537 4024 uti
558 3960 654 4046 suprd
667 3962 785 4027 dictum
807 3977 864 4030 est
909 3967 1020 4055 Itaque
1034 3974 1165 4037 materia
1186 3974 1241 4039 illa
1254 3978 1356 4042 omnis

66 4091 133 4155 quae
147 4068 355 4155 eontiguaest
367 4066 453 4130 orbis
467 4068 574 4155 magni
587 4068 766 4153 perimetro,
789 4092 898 4155 parem
912 4074 1041 4143 babebit
1061 4101 1098 4143 ac
1112 4080 1204 4146 tellus
1218 4083 1357 4152 densita·

65 4192 143 4244 tem:
166 4201 240 4266 quae
252 4178 330 4243 verb
341 4180 427 4264 jacet
450 4179 534 4244 intrrl
547 4180 657 4244 orbem
679 4202 830 4268 magnum
845 4195 942 4270 atqua
956 4187 1067 4252 orbem
1082 4191 1219 4270 Saturni,
1235 4193 1284 4259 vel
1298 4216 1361 4281 pra-⁴

65 4309 128 4352 rem
141 4285 193 4352 vel
204 4287 357 4372 majorem
371 4283 508 4351 habebit
553 4286 638 4351 Nam
651 4299 687 4351 ut
707 4287 887 4355 constitutio
901 4291 1025 4356 vorticis
1048 4315 1231 4379 permanere
1244 4302 1354 4384 possit,

64 4394 178 4461 debent
197 4405 307 4479 furtes
328 4389 432 4455 minim
454 4392 560 4456 dense
582 4406 724 4458 nentrum
745 4417 909 4481 occupare,
932 4399 1032 4485 magis
1061 4400 1168 4466 densoe
1189 4405 1315 4495 longivls
1336 4434 1356 4475 a

64 4516 167 4567 oeutro
182 4499 283 4565 abire.
330 4496 413 4563 Cum
427 4497 512 4563 enim
535 4496 732 4584 planctuum
756 4512 898 4584 tempora
921 4503 1081 4587 periodica
1106 4507 1168 4575 sint
1189 4511 1360 4584 iuratione

720 4609 737 4657 b
754 4612 771 4655 4
