3098 5534
68 393 181 457 Lraaa
196 392 359 473 Sacoena]
392 391 636 458 PRINCIPIA
659 393 1030 466 MATHEMATICA.
1297 410 1359 469 149

66 585 189 649 porum,
206 558 238 628 et
251 577 418 651 propterea
433 566 621 651 quantitates
636 567 775 631 materiae
790 580 861 631 sunt
870 581 905 632 ut
915 569 995 635 vires
1005 571 1149 635 motrices
1160 583 1191 634 et
1206 571 1357 655 quadrata

66 693 251 756 temporum,
268 673 301 737 id
316 676 372 751 est,
389 687 424 738 ut
438 676 580 760 pondera
593 688 626 740 et
639 676 789 762 quadrata
805 689 995 763 temporum.¹
1037 684 1100 766 (††)
1118 682 1160 757 Q.
1177 705 1203 746 e.
1220 682 1251 745 d.
1297 695 1302 707 ·

111 782 210 843 Corol.
228 787 257 841 1.
295 778 434 864 Ideoque
449 781 475 843 si
492 792 634 865 tempora
648 794 722 846 sunt
735 783 876 869 aequalia,
895 789 1080 870 quantitates
1094 789 1233 851 materie
1249 787 1281 850 iu
1292 787 1355 850 sin-

64 889 147 975 gulis
166 890 349 974 corporibus
365 904 458 954 erunt
472 905 506 955 ut
520 892 670 975 pondera.
943 888 945 900 '

111 1002 210 1063 Corol.
227 1009 257 1063 2.
305 1001 339 1065 Si
354 1001 496 1085 pondera
510 1014 583 1066 sunt
596 1001 738 1087 aequalia,
755 1002 940 1087 quantitates
962 1005 1101 1067 materiae
1123 1018 1215 1068 erunt
1229 1017 1263 1068 ut
1278 1027 1354 1090 qua·

65 1105 155 1169 drata
168 1119 355 1191 temporum.

109 1216 207 1277 Corol.
225 1223 254 1276 3.
301 1214 335 1277 Si
349 1214 535 1299 quantitates
544 1213 685 1279 materiae
698 1226 872 1299 sequantur,
888 1192 1030 1298 pondera
1044 1229 1136 1280 erunt
1149 1215 1308 1301 reciproce
1318 1229 1353 1282 ut

63 1318 216 1403 quadrata
233 1330 420 1402 temporum.

14 1415 17 1419 ¹
108 1427 207 1488 Corol.
224 1435 254 1487 4.
300 1424 337 1509 (¹¹)
363 1424 458 1490 Unde
473 1447 545 1489 cunr
560 1425 711 1511 quadrata
732 1438 918 1511 temporum,
943 1430 1063 1493 caeteris
1078 1430 1216 1514 paribus,
1240 1430 1302 1494 sint
1316 1442 1351 1494 ut

62 1533 271 1620 longitudines
294 1533 520 1618 pendulorum;
545 1536 571 1598 si
586 1548 617 1598 et
631 1548 772 1620 ternpore
794 1550 825 1600 et
848 1537 1033 1622 quantitates
1056 1539 1193 1602 materiae
1219 1539 1352 1624 aequalia

62 1656 143 1719 sunt,
161 1644 193 1727 (¹)
208 1644 350 1727 pondera
365 1658 456 1709 erunt
470 1658 505 1708 ut
519 1644 729 1730 longitudines
744 1646 962 1730 pendulorum.

95 1815 148 1881 (ἢ)
171 1818 237 1869 Quod
253 1826 302 1864 erat
319 1820 532 1865 denotasti-andum.
569 1821 582 1847 ⁹
602 1817 631 1864 ln
647 1815 689 1864 de·
720 1817 839 1879 quibusvis
849 1819 1081 1878 concapondentibus
1091 1834 1188 1866 arcuum
1202 1819 1348 1877 DCetdc,
1450 1839 1454 1847 ¹

62 1880 227 1927 monstratione
242 1883 365 1941 probatum
376 1880 482 1942 estquod
494 1881 513 1926 si
529 1878 689 1927 describantur
720 1881 778 1940 puri
789 1882 814 1927 in
825 1883 917 1940 punctis
929 1883 1015 1928 infimis
1028 1883 1048 1929 C
1059 1893 1083 1929 et
1093 1898 1113 1938 c,
1123 1883 1162 1930 scd
1171 1883 1226 1944 quia
1236 1899 1263 1928 ex
1275 1885 1349 1943 hypo-

62 1959 130 1991 arcus
146 1942 246 2004 aquales
266 1944 291 1991 D
310 1944 337 2000 C,
360 1943 405 1990 dc
426 1943 566 2005 quantitates
585 1944 688 1989 materiae
721 1945 780 1990 thesi
790 1945 854 2007 quod
865 1946 967 2004 pondera
977 1955 1032 1991 sunt
1042 1945 1245 2007 aqualiaetquod
1256 1947 1349 2008 quanti·

63 2015 119 2054 sunt
128 2016 156 2053 ut
166 2005 268 2067 pondera
279 2016 302 2054 et
311 2006 424 2069 quadrata
434 2016 572 2066 temporum,
584 2017 689 2054 sumatur
721 2016 779 2054 tates
790 2009 892 2055 materia
903 2018 958 2055 suut
969 2008 1076 2070 aequales,
1086 2009 1218 2057 velocitates
1229 2019 1284 2056 sunt
1295 2025 1348 2070 pro-

57 2071 109 2133 jam
119 2085 186 2117 meus
196 2072 211 2116 b
222 2072 316 2133 crnajor
324 2070 361 2116 rel
369 2071 446 2116 minor
452 2085 507 2115 areu
517 2069 534 2116 d
545 2085 557 2116 c
568 2065 689 2131 sedquan·
721 2071 861 2130 portionalas
871 2071 986 2118 radicibus
996 2071 1113 2133 quadratis
1128 2072 1288 2127 altitudinum,
1308 2088 1348 2119 ve-

61 2135 137 2181 titates
158 2133 260 2181 materiae
282 2143 305 2181 et
326 2133 429 2195 pondera
449 2134 559 2195 utrinque
579 2143 689 2181 maneant
720 2133 824 2182 locitates
841 2137 865 2181 in
882 2135 1182 2194 punctisCetoeruutut
1197 2139 1229 2198 ql
1244 2137 1273 2182 M
1287 2137 1348 2184 Cad

62 2199 143 2245 eadem
153 2213 206 2259 quoe
222 2197 293 2258 prius,
313 2207 338 2244 et
354 2198 438 2258 pariter
448 2199 478 2244 ob
488 2197 687 2244 isoclrroneitatem
721 2201 753 2261 ql
764 2213 821 2246 mes
835 2198 876 2245 sed
887 2214 916 2246 ex
927 2198 1079 2247 similitudine
1087 2215 1209 2246 curvarum
1218 2201 1346 2248 ct'arcuurn

61 2261 223 2317 cumrebdc,
233 2270 326 2320 tempus
336 2260 537 2320 oscillationisper
547 2260 688 2322 bc,aequaia
720 2271 755 2308 est
772 2277 821 2309 mc
839 2263 870 2309 ad
885 2263 948 2311 Mc
964 2263 1024 2311 sicut
1040 2261 1074 2309 lc
1089 2262 1119 2310 sd
1136 2263 1200 2320 DC,
1217 2279 1274 2328 ergo
1284 2264 1347 2311 velo-

61 2326 105 2371 erit
123 2325 220 2385 tempori
239 2324 388 2371 oscillationis
403 2340 444 2387 per
460 2324 508 2382 dc,
526 2322 687 2386 idebquequi·
721 2326 801 2374 citates
818 2326 843 2373 in
859 2327 952 2386 punctis
970 2327 989 2372 C
1009 2337 1033 2373 et
1051 2342 1064 2373 c
1082 2337 1136 2373 sunt
1152 2336 1180 2373 ut
1197 2329 1229 2388 ql
1245 2329 1300 2376 Lc
1317 2328 1347 2375 ad

61 2387 687 2499 piurlpquesint‘prcuspescriptisimodpmaueatpep·
722 2393 754 2453 tl
774 2388 821 2446 lc,
849 2389 947 2452 ideoque
968 2398 1073 2451 tempora
1093 2390 1265 2437 oscillationum
1287 2393 1347 2439 mte-

61 2461 690 2577 piiriteiiiiiiinoiriiaqtilddlltiiraiittittilltiiiriilteerityecaitii’t
720 2505 816 2555 mmm
830 2491 856 2538 ¹¹¹
872 2495 971 2540 'mm'
987 2490 1014 2539 D
1026 2492 1055 2550 θ’
1072 2491 1192 2541 dmum
1203 2501 1230 2541 ul
1242 2454 1348 2595 Δ,ἹΙὲῑῗέᾙ

61 2589 89 2626 ut
100 2578 204 2640 pondera
215 2588 239 2626 et
248 2579 360 2641 quadrata
370 2589 501 2639 temporum
509 2579 685 2627 osdssadonurn.
793 2595 824 2643 10
880 2638 882 2643 Ι

96 2643 132 2705 (¹)
155 2646 222 2690 Unde
244 2661 298 2691 cnm
320 2647 434 2704 quadrata
456 2653 584 2704 temporum
603 2647 687 2691 ceteris
719 2641 750 2689 ad
772 2663 854 2698 -.=,
874 2643 938 2691 unde
954 2641 1065 2706 quadrata
1084 2652 1215 2703 temporum
1232 2653 1302 2690 erunt
1318 2652 1346 2691 ut

55 2709 152 2768 juribus
162 2709 579 2768 sintutlongitudinespendnlorunt.
605 2711 618 2736 '
631 2707 688 2753 Fin·
767 2693 800 2749 bs
814 2692 846 2737 ¹⁰

60 2780 130 2832 ntur
149 2770 172 2816 L
190 2772 217 2824 0·
234 2770 267 2816 ¹⁶
283 2770 405 2831 ῑιιιιιιῑῑΙ
420 2785 475 2827 aas
495 2780 519 2817 a
534 2785 601 2817 eraut
619 2771 685 2826 DC·
720 2751 1345 2848 Qui-‘Innutacnrcnoeatnnn

60 2833 460 2895 dononsumiraqualesutprius,
477 2833 621 2890 adsimiles,
638 2834 686 2881 sive
734 2831 787 2878 Lc
859 2829 890 2876 lc

60 2896 241 2957 proportionales
256 2897 440 2959 longitudinibus
457 2897 520 2954 ΒΟ,
541 2898 580 2954 lc,
597 2907 687 2944 oecetur
718 2894 835 2957 gitudines
849 2892 1011 2953 pendulorum.
1049 2895 1079 2948 Q.
1094 2893 1151 2941 ad.

64 2961 88 3008 D
103 2962 159 3009 Cin
169 2971 245 3023 partes
256 2960 425 3024 aqualesiuter
437 2976 469 3017 se,
485 2971 510 3008 et
524 2960 599 3008 dein
610 2971 685 3022 partes
750 2959 780 3023 (¹)
794 2963 807 2988 ·
821 2962 926 3007 Pondere
938 2970 1006 3008 esurit
1024 2969 1051 3007 nt
1067 2961 1221 3016 longitudines
1233 2963 1346 3021 pendulo.

60 3025 153 3077 similes,
171 3025 203 3071 ita
218 3033 246 3070 ut
260 3025 290 3071 ait
307 3026 332 3071 D
345 3025 368 3071 E
384 3023 414 3071 ad
429 3025 470 3072 de
486 3035 513 3071 ut
530 3025 552 3073 L
570 3026 590 3072 C
606 3024 637 3071 ad
652 3025 685 3073 lc
716 3039 779 3079 runt,
790 3033 811 3070 et
822 3025 980 3070 universaliter
996 3026 1116 3086 quantitas
1127 3025 1228 3070 ηιαιινίω
1235 3027 1345 3084 pendula

60 3087 181 3150 ducamus
199 3087 370 3148 perpendiculis
387 3089 412 3134 D
424 3089 461 3144 M,
480 3088 503 3134 E
516 3088 548 3144 N,
564 3088 623 3145 dm,
636 3103 684 3145 en,
715 3096 748 3134 est
764 3096 790 3134 ut
805 3091 897 3147 mutius
913 3096 934 3132 et
950 3092 1091 3149 quadratam
1105 3088 1210 3146 tenuioris
1225 3087 1308 3143 directi
1324 3096 1345 3135 et

60 3151 103 3198 &a
121 3152 194 3214 liquet
204 3167 232 3198 er
243 3151 395 3198 similitudine
408 3152 536 3214 figurarum
552 3152 686 3200 altitudines
716 3153 832 3212 longitudo
840 3153 937 3211 penduli
953 3151 1048 3200 invasi.
1084 3153 1096 3180 '
1112 3151 1164 3198 Sint
1179 3149 1227 3197 duo
1243 3150 1346 3224 ppndula

60 3215 91 3262 M
101 3215 125 3261 N
137 3226 160 3262 et
171 3231 194 3262 tn
207 3230 230 3272 u,
243 3214 272 3261 M
286 3215 310 3262 R
321 3225 344 3261 ct
354 3231 379 3260 m
390 3231 409 3272 r,
425 3217 467 3261 &o
481 3231 530 3262 esse
540 3215 610 3262 etiam
626 3216 686 3264 inter
719 3214 744 3260 A
754 3222 778 3261 et
790 3214 819 3266 B.
837 3230 890 3275 quse
904 3215 1008 3270 materiai,
1026 3212 1128 3274 pondere
1139 3223 1163 3259 et
1172 3214 1344 3261 oscillationum

59 3295 85 3326 se
95 3279 218 3327 iuratione
230 3279 252 3326 L
265 3280 285 3327 C
297 3278 328 3326 ad
338 3279 347 3325 l
357 3294 377 3333 c,
390 3278 521 3326 velocitates
531 3278 586 3326 verti
601 3281 686 3341 quibus
717 3277 859 3338 temporibus
870 3277 1006 3337 discrepent,
1022 3277 1063 3325 sed
1079 3276 1173 3339 aequalis
1184 3277 1231 3324 sint
1241 3277 1344 3340 longitu-

59 3342 221 3391 describuntur
237 3358 304 3390 arcus
322 3342 386 3398 EF,
400 3342 420 3389 F
433 3343 522 3390 Gsunt
533 3353 560 3389 ut
572 3346 603 3405 ql
619 3344 648 3392 M
660 3343 686 3390 N
717 3341 793 3399 dinis;
816 3355 845 3388 ex
864 3341 1025 3398 Theoremate,
1047 3340 1089 3388 erit
1106 3341 1223 3403 quantitas
1241 3341 1344 3388 materiae

58 3405 89 3455 ad
105 3411 137 3470 a!
152 3407 227 3464 MR,
244 3416 267 3453 et
277 3406 407 3453 velocitates
422 3407 506 3468 quibus
524 3406 685 3454 describuntur
716 3404 825 3466 pendulo
835 3405 859 3451 in
873 3407 897 3452 A
908 3405 939 3452 ad
949 3406 1101 3468 quantitatem
1117 3405 1219 3451 materiae
1235 3404 1345 3463 pendulae

58 3486 126 3517 arcus
141 3471 183 3526 ef,
203 3471 217 3517 s
224 3487 240 3534 g
259 3480 314 3517 sunt
332 3479 358 3517 nt
376 3473 407 3532 al
421 3486 446 3515 m
458 3485 474 3516 n
485 3469 516 3517 ad
527 3473 559 3531 ql
573 3485 627 3528 mr,
644 3469 685 3518 sed
717 3470 742 3515 ia
760 3469 790 3523 B,
807 3479 835 3516 ut
845 3468 938 3529 pondtu
948 3481 972 3517 et
982 3469 1121 3532 quadratum
1133 3469 1244 3528 temporis
1253 3468 1344 3515 oscilla·

57 3534 114 3596 quia
126 3535 155 3581 M
169 3534 190 3580 N
202 3545 225 3581 et
240 3549 263 3579 rn
275 3550 298 3589 n,
312 3534 341 3580 M
356 3535 379 3581 R
390 3542 413 3580 et
423 3549 448 3579 m
458 3549 477 3590 r,
497 3545 553 3581 suut
568 3532 685 3581 incidam
716 3530 808 3580 tionum
819 3532 915 3592 penduli
928 3535 950 3580 A
962 3533 1103 3596 conjunctim
1115 3530 1276 3594 adponduset
1286 3547 1345 3594 qua.
1373 3536 1377 3545 ⁴

58 3598 147 3645 ratione
157 3595 256 3660 idetique
267 3608 290 3644 et
301 3613 381 3644 earum
392 3595 484 3652 ratlices,
498 3597 604 3651 vicissim,
622 3596 683 3644 selo·
717 3595 809 3643 drstum
820 3597 929 3656 temporis
945 3597 1114 3644 oscillationum
1131 3595 1227 3655 penduli
1248 3596 1270 3643 B
1287 3611 1344 3642 con·

58 3661 115 3708 citas
126 3661 173 3722 qui
183 3661 319 3709 describitur
330 3662 353 3708 E
368 3661 388 3708 F
398 3670 433 3707 est
443 3659 473 3707 ad
484 3659 627 3708 velocitatem
638 3659 686 3722 qul
713 3660 829 3723 junctim
846 3661 875 3707 sit
885 3661 979 3707 tertium
989 3659 1119 3721 pendulum
1130 3659 1159 3715 C,
1170 3660 1238 3720 cujus
1248 3661 1344 3708 materia

58 3723 195 3772 describitur
205 3741 218 3772 e
229 3725 246 3782 l,
259 3735 287 3771 ut
296 3724 405 3771 velocitas
416 3724 463 3786 quai
473 3723 609 3772 describitur
630 3724 685 3772 FG
717 3734 741 3771 et
751 3724 842 3784 pondus
858 3723 938 3770 eadem
955 3725 1001 3772 sint
1018 3740 1074 3772 curn
1091 3723 1187 3770 materiis
1202 3732 1225 3769 et
1240 3723 1344 3783 pondere

58 3787 510 3850 advelocitatemqutidescribiturl'g5
527 3788 593 3835 etsie
605 3787 685 3836 ordine
716 3787 813 3848 penduli
832 3789 861 3843 B,
878 3788 968 3836 diversa
979 3787 1128 3836 verdaitutn'
1171 3803 1202 3833 ue
1213 3786 1342 3849 longitudo,

56 3862 170 3913 perpetuo
185 3852 379 3900 demonstrabitur
390 3851 520 3899 velocitates
531 3852 616 3913 quibus
632 3867 685 3899 suc·
717 3851 841 3914 longitudo
847 3851 969 3911 pendulic
979 3854 1022 3899 erit
1029 3852 1059 3898 ad
1068 3851 1158 3911 longitu
1177 3851 1238 3897 'nem
1247 3851 1345 3911 penduli

57 3917 150 3964 tesairae
167 3925 242 3976 partas
258 3916 461 3976 correspondentes
476 3915 597 3977 utriusque
607 3931 685 3963 curvae
718 3914 911 3979 B(sivependuli
920 3914 1341 3976 A,pcrindeenimesteabypotbesi)

55 3991 224 4041 percurruntur
231 3980 280 4026 iore
291 3995 380 4040 semper
389 3980 412 4026 in
422 3979 503 4026 eidem
511 3980 613 4037 ratione;
626 3990 685 4026 tern-
717 3989 745 4026 ut
754 3978 894 4040 quadratum
905 3981 1015 4040 temporis
1024 3980 1049 4026 in
1060 3978 1163 4039 pendulo
1174 3978 1193 4025 C
1204 3979 1233 4025 ad
1244 3978 1344 4040 quadra·

54 4059 113 4104 pora
123 4042 178 4090 verd
188 4045 272 4105 quibus
282 4059 349 4090 arcus
359 4043 446 4090 similes
456 4043 618 4090 describuntur
628 4053 684 4091 suut
718 4052 771 4092 turn
782 4043 892 4104 temporis
902 4043 926 4089 in
938 4042 1041 4104 pendulo
1052 4043 1082 4098 B,
1093 4041 1156 4103 quod
1167 4040 1244 4104 itaque
1255 4042 1344 4104 aequDa

55 4107 142 4155 duecte
153 4118 180 4154 ut
190 4107 224 4153 illi
235 4123 302 4154 arem
309 4119 331 4153 et
340 4107 429 4154 inverse
436 4107 614 4164 utvelocitatea;
627 4123 683 4169 ergo
715 4107 760 4154 erit
769 4107 882 4168 quadrato
892 4108 1002 4168 temporis
1012 4108 1038 4154 in
1049 4105 1152 4166 pendulo
1165 4106 1192 4161 C,
1211 4122 1251 4165 per
1267 4106 1344 4168 longi.

55 4186 110 4217 cum
122 4173 180 4218 ratio
191 4187 288 4218 ucuurn
304 4171 532 4231 comespondentium
548 4171 578 4217 sit
594 4186 684 4231 semper
715 4170 823 4217 tudinem
832 4169 1344 4231 pendulimultiplicatoetperlongitudinem

55 4235 145 4291 cadem
157 4251 240 4296 nempe
252 4235 310 4281 ratio
322 4235 344 4281 L
358 4235 417 4284 Cad
427 4236 434 4281 l
445 4250 464 4290 c,
483 4245 510 4282 ut
520 4245 543 4282 et
553 4235 611 4282 ratio
622 4234 684 4282 velo·
715 4233 811 4296 penduli
824 4234 940 4292 Cdiviso;
957 4235 1020 4282 unde
1030 4233 1146 4296 quantitas
1156 4234 1259 4279 materiae
1276 4234 1300 4279 in
1319 4237 1342 4282 A

54 4299 153 4346 citatum
169 4300 253 4360 quibus
269 4309 435 4360 percurruntur
449 4299 484 4345 illi
501 4315 574 4354 arcus,
592 4299 684 4361 singula
716 4299 760 4346 etit
775 4298 805 4345 sd
821 4299 972 4360 quantitatem
989 4298 1091 4344 materias
1102 4296 1125 4342 in
1141 4297 1221 4343 Bsive
1233 4298 1256 4343 in
1271 4299 1298 4354 C,
1316 4308 1344 4348 ut

56 4362 202 4423 tempuscula
213 4363 297 4424 quibus
308 4362 469 4409 describuntur
485 4362 604 4424 particular
617 4378 685 4410 arcus
716 4362 808 4422 pondus
818 4371 842 4409 et
852 4360 991 4424 quadratum
1007 4361 1117 4421 temporis
1126 4360 1151 4406 in
1166 4362 1188 4406 A
1200 4361 1343 4423 conjunctim

57 4426 84 4475 1)
97 4429 117 4474 C
128 4426 234 4474 eamdenn
246 4426 359 4473 rationem
369 4427 488 4473 habebunt
498 4427 529 4474 ad
539 4426 684 4488 tempuscula
716 4426 746 4474 ad
757 4425 849 4486 pondus
859 4425 884 4471 in
897 4426 926 4477 B,
945 4426 1026 4471 sivein
1042 4425 1068 4481 C,
1086 4440 1140 4471 cum
1156 4425 1269 4486 quadrato
1284 4435 1343 4472 terrr-

55 4491 141 4554 quibus
148 4489 352 4550 correspondentes
363 4489 482 4551 particula
498 4506 565 4538 meus
576 4492 616 4538 do
631 4495 683 4550 per-
715 4489 778 4552 poris
794 4490 818 4536 in
838 4490 858 4537 C
873 4500 897 4536 et
908 4489 1053 4550 longitudine
1064 4488 1161 4548 penduli
1180 4490 1201 4535 A
1219 4488 1304 4538 ‹ttroett
1320 4496 1345 4536 et

56 4566 196 4614 canuntur,
213 4551 313 4616 ideoque
331 4564 435 4615 tempora
450 4563 499 4601 tota
515 4555 685 4602 oscillationum
717 4553 864 4616 longitudine
890 4553 987 4614 penduli
1011 4552 1031 4600 C
1052 4551 1154 4600 inversi:
1185 4553 1248 4601 unda
1271 4551 1345 4617 liquet

55 4635 97 4679 par
118 4621 176 4668 DC
194 4629 218 4667 et
233 4618 273 4667 dc
291 4628 361 4666 erunt
378 4616 464 4666 diremi
482 4628 509 4665 ut
528 4618 686 4683 longitudines
717 4617 869 4681 quantitatem
885 4616 988 4664 materia
1003 4617 1029 4662 in
1047 4616 1069 4663 A
1087 4616 1176 4665 essead
1191 4617 1344 4679 quantitatem

57 4680 80 4730 L
93 4684 113 4732 c
124 4695 147 4732 et
158 4685 195 4738 tc,
215 4693 238 4730 a
253 4681 342 4730 invene
359 4691 385 4732 ut
404 4682 534 4732 velocitate·
552 4683 577 4730 in
593 4681 686 4744 pancas
717 4680 819 4730 meria
830 4681 855 4728 in
868 4680 896 4740 c,
913 4690 941 4729 ut
950 4679 1043 4742 pandos
1053 4690 1077 4728 ct
1086 4679 1225 4744 quadratum
1235 4680 1346 4744 rampone

674 4765 728 4813 K?
