3098 5534
90 363 201 429 Lmen
219 364 383 444 Saeuum]
433 364 674 432 PRINCIPIA
698 354 1072 433 ΜΑΤΗΕΜΔΤΙΟΑ.
1314 378 1375 439 109

86 544 208 614 partem
223 532 318 610 illam,
336 555 407 619 quae
422 535 521 597 oritur
535 556 575 598 ex
590 533 742 596 densitate
756 532 856 609 fluidi,
873 533 1009 596 diximus
1024 554 1092 596 ease
1106 532 1139 594 in
1153 532 1310 616 duplicata
1324 557 1375 599 ra·

86 641 171 704 tione
183 642 370 718 velocitatis3
385 666 458 728 pars
474 643 580 721 altera,
597 665 668 729 quae
683 644 782 706 oritur
796 665 838 707 en
849 644 1013 708 tenacitate
1023 644 1121 722 fluidi,
1138 657 1185 707 est
1199 644 1372 723 uniformis,

86 748 150 812 sive
165 761 200 814 ut
215 765 408 815 momentum
423 752 590 836 temporis:
613 749 747 836 idedque
755 752 824 835 jaun
837 772 970 839 pergere
984 749 1092 814 liceret
1106 749 1146 812 ad
1160 763 1281 814 motum
1303 773 1372 814 cor-

83 877 207 939 porum,
224 858 336 943 quibus
351 859 503 922 resistitur
515 857 630 941 partim
651 857 683 920 vi
704 856 851 920 uniformi
873 879 929 920 seu
950 857 984 919 iu
1004 856 1124 919 ratione
1139 870 1372 922 momentorum
1430 894 1433 899 ·

84 964 243 1047 temporis,
267 977 299 1028 et
319 966 434 1049 partim
456 966 489 1028 in
510 965 630 1028 ratione
651 962 809 1047 duplicati
821 962 1000 1027 velocitatis.
1047 961 1112 1027 Sed
1126 962 1238 1025 sufficit
1251 961 1370 1026 aditum

82 1071 265 1155 patefecisse
287 1073 328 1136 ad
349 1073 431 1138 hanc
453 1073 696 1159 speculationem
717 1073 750 1134 in
773 1071 1043 1155 Propositionibus
1057 1071 1154 1135 VIII.
1172 1082 1204 1134 et
1219 1071 1282 1136 IX.
1298 1094 1370 1158 quae

83 1178 276 1260 praecedunt,
293 1191 448 1244 eteorum
464 1178 655 1244 Corollariis.
687 1179 726 1263 (¹¹)
739 1178 778 1242 In
792 1177 903 1243 iisdem
914 1179 1020 1265 utique
1031 1198 1090 1262 pro
1104 1179 1244 1263 corporis
1259 1200 1368 1243 ascen·

82 1284 184 1349 dentis
208 1289 381 1352 resistentid
404 1289 559 1366 uniformi,
583 1310 653 1374 quae
669 1309 709 1351 ex
724 1289 790 1372 ejus
804 1288 955 1374 gravitate
970 1290 1079 1364 oritur,
1103 1288 1247 1352 substitui
1261 1302 1366 1374 potest

83 1393 257 1457 resistentia
273 1393 444 1473 uniformis,
468 1417 538 1482 quae
553 1396 654 1458 oritur
667 1417 709 1458 ex
723 1395 887 1458 tenacitate
900 1394 1008 1472 medii,
1030 1395 1156 1481 quando
1169 1418 1283 1480 corpus
1298 1395 1365 1461 sold

82 1500 111 1562 vi
126 1500 217 1564 insiti
232 1514 392 1577 movetur3
416 1515 447 1566 et
468 1524 600 1586 corpore
621 1502 704 1567 recti
727 1502 913 1568 ascendente
934 1502 1050 1567 addere
1065 1503 1137 1568 licet
1151 1503 1232 1568 hanc
1248 1504 1366 1570 unifor-

82 1629 164 1671 mem
190 1608 395 1672 resistentiam
420 1610 451 1672 vi
475 1609 651 1696 gravitatis3
682 1609 875 1696 eandemque
898 1609 1080 1686 subducere,
1106 1609 1232 1696 quando
1252 1631 1366 1695 corpus

81 1713 166 1778 rectd
181 1714 351 1778 descendit.
399 1716 534 1803 Pergere
549 1716 643 1778 etiam
664 1715 772 1779 liceret
785 1715 825 1778 ad
840 1699 961 1780 motum
984 1738 1160 1800 corporum,
1188 1716 1302 1802 quibus
1316 1739 1366 1782 re·

80 1824 197 1888 sistitur
219 1827 332 1908 partim
348 1824 551 1901 uniformiter,
574 1824 688 1908 partim
703 1826 736 1887 in
750 1825 869 1888 ratione
884 1812 1063 1899 velocitatis,
1087 1836 1119 1887 et
1132 1825 1247 1907 partim
1260 1825 1294 1887 in
1315 1845 1365 1887 ra-

80 1933 164 1996 tione
175 1932 331 2016 duplicatis
346 1931 527 1996 velocitatis.
577 1932 620 1997 Et
635 1933 717 1994 viam
732 1932 840 2016 aperui
854 1931 886 1992 in
904 1929 1173 2013 Propositionibus
1183 1920 1364 2013 prieceden·

80 2043 162 2104 tibus
179 2040 278 2104 XIII.
294 2053 326 2104 et
341 2040 435 2104 XIV.
453 2040 495 2125 (¹)
511 2040 543 2102 in
560 2039 672 2125 quibus
688 2038 781 2102 etiam
796 2037 969 2102 resistentia
984 2034 1155 2110 uniformis,
1179 2055 1249 2120 quae
1265 2035 1364 2099 oritur

79 2175 119 2216 ex
135 2152 299 2215 tenacitate
313 2150 410 2214 medii
425 2172 484 2233 pro
494 2149 525 2212 vi
538 2148 708 2236 gravitatis,
732 2146 876 2211 substitui
898 2156 1011 2228 potest,
1036 2142 1084 2206 vel
1099 2163 1170 2205 cum
1185 2141 1305 2220 eidem,
1328 2153 1364 2206 ut

27 2302 31 2307 -
77 2260 174 2342 prius,
192 2257 345 2341 componi.
391 2256 455 2321 Sed
468 2277 605 2341 propero
618 2254 660 2319 ad
673 2254 741 2318 aliu.

110 2453 145 2514 (⁸)
158 2457 170 2483 0
185 2455 216 2501 In
224 2456 303 2501 iisdem
314 2457 395 2515 utiquc
409 2450 485 2514 (10⁵).
736 2448 871 2509 exponebat,
883 2459 1000 2519 auxumam
1010 2441 1127 2506 gravitatis
1134 2450 1158 2488 et
1165 2440 1300 2515 resistentie
1306 2441 1358 2489 uni·

109 2516 145 2579 (¹)
164 2521 177 2547 ⁸
191 2521 221 2565 In
241 2521 321 2578 quidm
338 2527 405 2566 erutor
424 2517 550 2562 notetur«
572 2515 703 2588 uniformit,
736 2511 817 2559 formis
838 2511 863 2556 in
885 2510 998 2570 pradictus
1019 2506 1230 2579 constructoribus
1250 2513 1357 2564 exponet.

78 2581 122 2627 hoc
133 2591 174 2637 est,
191 2582 211 2626 si
222 2594 305 2638 corpu·
316 2579 364 2628 soti
375 2581 397 2626 vi
408 2577 479 2626 insiti
494 2580 589 2634 suatur,
606 2593 632 2625 ru
648 2592 704 2626 cou-
737 2574 870 2625 deemsi
881 2588 966 2636 corpus
975 2572 997 2620 u'
1008 2580 1126 2636 gratttatu
1133 2567 1264 2627 descendat
1276 2567 1360 2618 eadem

76 2644 241 2692 structionibut
254 2646 323 2704 Prop.
341 2644 418 2690 xttt.
438 2655 461 2690 et
480 2644 563 2696 xlv..
580 2655 705 2704 quaesunt
735 2641 852 2703 quantitat
866 2655 919 2703 quaa
935 2637 1008 2685 solam
1019 2636 1301 2713 pravitatemnerpoue'bat,
1318 2648 1359 2681 ex·

75 2723 118 2769 pro
128 2710 230 2768 corporis
240 2724 341 2760 ascensu.
356 2707 407 2754 loco
417 2707 534 2770 gravitatis
544 2706 704 2753 substituenda
735 2719 826 2752 cestim
842 2702 960 2768 gravitatis
970 2716 1040 2761 cupra
1048 2709 1200 2747 rettttenttam
1217 2699 1359 2744 uniformem

75 2783 111 2818 est
121 2773 248 2819 mittentia
259 2772 383 2819 uniformis
392 2786 445 2833 qun
458 2773 532 2818 oritur
542 2785 570 2817 er
582 2770 704 2818 tenacitate
735 2768 761 2814 iu
779 2767 987 2815 constructionibus
1001 2779 1054 2827 quar
1069 2771 1125 2837 tunt
1141 2776 1183 2822 pro
1197 2760 1310 2810 deaoeutu
1320 2775 1358 2808 ro·

75 2835 147 2881 medii
161 2854 168 2893 3
181 2836 200 2882 si
212 2851 296 2896 corpus
313 2835 439 2882 ascendens
457 2835 480 2880 vi
541 2835 616 2881 vitatis
631 2836 701 2881 etiam
732 2831 879 2893 presentabit
890 2830 988 2895 (ceteris
998 2825 1167 2883 mmenubut)

74 2908 193 2962 urgeatur,
216 2900 332 2962 quantitas
348 2899 388 2945 illu
403 2914 456 2961 quta
474 2914 546 2946 scam
566 2898 700 2961 gravitatem
