3098 5534
201 380 264 438 tte
502 367 838 437 PHILOSOPHIAE
861 369 1132 437 NATURALIS
1203 372 1313 453 [Mor.
1330 373 1489 447 eoam

200 542 358 628 duplicati
373 542 599 622 distmrtiarum,
615 542 641 607 si
655 543 776 606 minora
789 542 872 607 cirea
885 543 1056 608 maximum
1071 545 1104 607 in
1118 543 1286 629 ellipsibus,
1302 547 1488 613 umbilicum

199 673 396 717 communem
410 652 443 716 in
457 653 587 717 maximi
601 652 682 716 illius
697 663 804 716 centro
818 650 1014 729 habentibus,
1039 653 1087 737 (ω)
1102 674 1195 737 quam
1215 654 1284 718 fieri
1305 667 1412 741 potest
1434 679 1486 721 ac·

200 758 399 823 curatissimis
414 759 629 834 revolvantur;
652 770 684 823 et
705 757 800 821 radiis
825 757 866 820 ad
887 757 1056 820 maximum
1080 757 1158 821 illud
1180 757 1281 822 ductis
1306 758 1486 827 describant

199 887 287 930 areas
301 865 492 949 temporibus
506 887 599 950 qnam
615 862 751 927 maxime
763 862 1028 947 proportionales:
1052 876 1144 927 erunt
1167 885 1335 951 corporum
1357 865 1484 933 illorum

199 972 278 1035 vires
293 970 443 1035 absolutae
456 969 497 1034 ad
512 970 652 1047 invicem,
668 983 723 1034 aut
737 968 879 1033 accurate
894 982 947 1032 aut
962 968 1208 1055 quamproxime,
1230 970 1264 1032 iu
1277 971 1399 1036 ratione
1414 995 1483 1037 eor·

198 1099 331 1162 porum3
354 1089 386 1142 et
411 1079 452 1162 (¹¹)
475 1090 593 1142 oenus.
638 1076 1215 1162 PatetperCorol.Prop.LXV111.
1236 1078 1385 1144 oollamm
1411 1102 1481 1146 cnm

198 1184 289 1271 hujus
305 1184 410 1249 Corol.
429 1193 456 1248 1.

762 1463 914 1528 &heliam

243 1630 306 1695 His
319 1630 582 1715 propositionibus
595 1631 833 1696 manuducimur
847 1632 887 1696 ud
902 1631 1076 1720 analogiam
1090 1633 1172 1698 inter
1186 1633 1266 1698 vires
1281 1635 1479 1720 centripems,

198 1750 230 1801 et
243 1759 377 1823 eorpora
390 1737 548 1815 centralis,
571 1737 611 1801 ad
626 1760 697 1824 quse
710 1739 789 1803 vires
803 1739 865 1803 illae
879 1738 972 1827 dirigi
992 1740 1101 1805 solent
1148 1742 1276 1805 Rationi
1300 1744 1384 1807 enirn
1407 1765 1480 1806 eon·

198 1855 380 1908 sentaneum
395 1855 452 1922 est,
468 1844 608 1921 meires,
625 1866 695 1930 quoe
709 1845 749 1908 ad
764 1867 896 1929 corpora
914 1846 1100 1933 diriguntur,
1124 1847 1281 1930 pendeant
1304 1848 1345 1911 ab
1368 1870 1481 1913 eorun-

197 1951 270 2016 dem
285 1951 395 2016 naturia
410 1964 442 2016 et
455 1952 635 2037 quantitate,
651 1965 686 2016 ut
700 1951 736 2015 fit
750 1952 782 2014 in
797 1953 986 2039 magneticis.
1032 1953 1075 2018 Et
1089 1955 1209 2039 quoties
1230 1953 1411 2039 hujusmodi
1431 1978 1479 2019 ca·

196 2083 250 2127 sus
263 2060 415 2139 incidunt,
430 2060 621 2125 mstimandoe
635 2072 728 2125 erunt
741 2083 908 2145 corporum
929 2063 1136 2139 attractiones,
1163 2064 1351 2150 amignando
1374 2066 1480 2154 singu-

196 2168 237 2233 lis
251 2190 360 2233 eorum
374 2168 533 2253 particulis
547 2169 627 2233 vires
641 2168 794 2252 proprias,
809 2180 842 2231 et
854 2167 1030 2255 colligendo
1044 2191 1180 2234 summas
1194 2171 1315 2235 virium
1361 2170 1480 2237 Vocem

195 2278 386 2342 attractionis
399 2277 452 2342 hic
465 2276 652 2364 generaliter
666 2298 784 2360 usurpo
797 2298 856 2360 pro
870 2297 1035 2360 eoquorum
1051 2290 1164 2341 conatu
1185 2299 1371 2366 quocunque
1393 2301 1481 2345 acee-

197 2382 293 2448 dendi
308 2383 348 2447 ad
363 2384 513 2448 invicem:
537 2383 601 2447 sive
616 2395 744 2446 conatus
759 2381 817 2446 iate
830 2381 886 2445 fiat
900 2381 940 2445 ab
954 2382 1074 2446 actione
1089 2404 1254 2466 corporum
1265 2382 1362 2449 velue
1371 2397 1481 2450 mutuo

197 2491 381 2577 petentium,
397 2490 446 2556 vel
459 2511 515 2574 per
530 2488 654 2573 spiritus
669 2489 797 2552 emissos
811 2511 845 2553 se
858 2489 990 2553 invicem
1004 2490 1188 2577 agitantium
1196 2516 1206 2569 ς
1228 2492 1292 2558 sive
1314 2493 1343 2556 is
1365 2494 1409 2558 ab
1431 2517 1482 2561 ac·

194 2600 280 2663 tione
294 2597 430 2674 aetheris,
446 2608 500 2660 aut
514 2595 602 2673 aeris,
618 2594 751 2658 mediive
765 2595 975 2681 cujuscunque
989 2618 1044 2660 seu
1064 2599 1206 2681 corporei
1227 2620 1282 2662 seu
1303 2599 1481 2685 incorporei

196 2705 315 2769 oriatur
328 2724 465 2788 corpora
478 2701 649 2765 innatantia
664 2701 696 2764 in
720 2723 753 2764 se
778 2701 909 2766 irrvioem
934 2714 1091 2787 utcunque
1116 2703 1310 2787 impellentis.
1357 2705 1480 2772 Eodem

195 2832 288 2875 sensu
302 2807 442 2896 generali
463 2828 582 2890 usurpo
605 2828 713 2871 vocem
736 2809 884 2889 mnne,
899 2829 964 2871 non
989 2810 1107 2892 species
1130 2811 1242 2873 virium
1264 2823 1297 2875 et
1318 2812 1481 2898 qualitates

194 2915 350 3002 physicas,
366 2914 422 2979 sed
436 2913 622 2999 quantitates
637 2925 669 2976 et
681 2912 899 2996 proportiones
913 2913 1144 2979 mathematicas
1158 2915 1191 2978 in
1205 2914 1265 2979 hoe
1279 2929 1415 2984 tractatu
1425 2942 1480 2984 ex·

193 3022 333 3106 pendens
349 3033 384 3085 ut
398 3021 429 3083 in
445 3019 678 3085 definitionibus
692 3019 837 3103 explicui.
882 3020 921 3085 ln
936 3021 1067 3086 mathesi
1082 3023 1303 3111 investiganda*
1317 3040 1392 3091 srmt
1405 3029 1479 3092 viri·

193 3150 247 3192 um
262 3128 447 3213 quantitates
462 3138 493 3189 et
508 3126 642 3190 rationes
657 3126 729 3203 illae,
746 3148 816 3211 quae
831 3149 871 3191 ex
886 3128 1114 3192 conditionibus
1126 3131 1360 3218 quibuscunque
1371 3135 1479 3217 positis

193 3250 442 3323 consequentur:
466 3233 589 3311 deinde,
606 3235 661 3298 ubi
675 3235 706 3298 in
721 3234 881 3320 physicam
895 3235 1094 3301 descenditur
1116 3239 1312 3303 conferenda
1334 3257 1407 3306 sunt
1429 3242 1479 3307 ha

193 3346 330 3409 rationes
345 3365 415 3407 cum
430 3342 644 3427 phoenomenis
652 3366 661 3418 ;
684 3355 719 3406 ut
733 3342 905 3406 innotescat
919 3365 1062 3428 quoenam
1077 3345 1188 3409 virium
1202 3346 1395 3412 conditiones
1416 3351 1480 3415 sin·

191 3451 275 3538 gulis
291 3470 457 3534 corporum
473 3448 704 3512 attractivorum
719 3447 885 3535 generibus
900 3462 1087 3533 competant.
1134 3451 1176 3516 Et
1199 3465 1265 3515 tum
1288 3451 1418 3519 demum
1437 3454 1479 3520 dc

192 3558 306 3621 virium
322 3556 495 3640 speciebus,
521 3555 621 3619 causis
647 3568 679 3619 et
703 3554 875 3618 rationibus
900 3555 1035 3641 physicis
1059 3558 1154 3622 tutius
1179 3558 1337 3643 disputare
1363 3560 1477 3628 licebit.

195 3664 366 3727 Videamus
381 3662 476 3748 igitur
490 3661 603 3747 quibus
618 3661 733 3725 viribus
748 3682 880 3745 corpora
894 3661 1055 3745 sphoerica‚
1071 3685 1110 3726 ex
1124 3666 1282 3750 particulis
1297 3666 1394 3733 ruodo
1408 3671 1476 3753 jam

192 3773 335 3858 exposito
349 3771 517 3835 attractivis
531 3770 713 3848 constantia,
729 3769 864 3834 debeant
877 3770 910 3834 in
925 3793 958 3835 se
972 3770 1082 3835 mutui)
1096 3795 1189 3859 agere
1198 3798 1208 3850 ;
1230 3789 1262 3838 et
1282 3774 1389 3861 qudo
1409 3798 1476 3842 mo-

192 3895 242 3946 tus
256 3881 329 3945 inde
344 3891 582 3964 consequantur.

224 4070 266 4134 (¹¹⁸)
284 4073 298 4101 0
318 4072 394 4123 Quum
401 4069 459 4131 fleri
470 4077 543 4130 pateat
558 4071 732 4116 seminini·
747 4070 816 4115 renal-
848 4066 976 4121 volvantur.
997 4077 1021 4114 et
1038 4065 1107 4113 radiis
1126 4064 1155 4112 ad
1173 4065 1301 4115 maximum
1318 4066 1379 4117 illud
1395 4069 1473 4119 duet'u

192 4143 285 4189 mear,
301 4141 329 4180 ut
342 4130 571 4184 tndmnuuibas
583 4131 652 4193 Prop-
666 4137 705 4180 65.
725 4130 815 4192 exposi-
847 4129 1201 4190 desuibnutsresstemponbus
1215 4144 1288 4191 qm
1300 4132 1404 4182 mxime
1419 4150 1473 4196 pm-

193 4207 244 4246 tmn
255 4206 297 4244 cst.
848 4194 994 4255 poniouales,
1006 4208 1129 4254 corporum
1139 4193 1233 4240 illerum
1247 4195 1343 4243 ἰωἰιτι
1359 4209 1474 4258 spuma.

226 4261 263 4323 (¹)
280 4264 294 4291 ⁸
311 4258 444 4308 Eteontrd.
480 4258 707 4319 Sivueseorparum
723 4258 817 4305 illorum
849 4273 902 4305 rum
923 4258 982 4304 vires
1003 4256 1171 4304 acceleratrices
1188 4256 1320 4306 demut
1339 4258 1365 4305 in
1383 4263 1474 4311 nuum

194 4322 306 4370 abolute
316 4323 363 4370 sint
372 4322 512 4370 adinvicem
523 4323 547 4368 iu
558 4322 646 4369 mtioue
656 4336 785 4382 totpomm.
794 4332 819 4369 et
849 4322 966 4381 duptioett
983 4321 1144 4371 distutdsrum
1161 4331 1202 4368 aut
1219 4320 1326 4371 unitate
1344 4334 1386 4371 aut
1401 4340 1474 4388 qam

195 4386 284 4460 mutere
304 4401 399 4446 terpora
419 4385 479 4433 circi
500 4385 816 4494 ¹P¹¹i¹¹¹¹i¹¹¹.¹.'¹l.‘¹¹ll‘⁸⁵¹¹¹¹⁵
847 4384 1128 4497 proxime;1p¹tliquetcx
1143 4382 1270 4433 Cerdssl'.
1286 4385 1356 4448 rma
1369 4389 1476 4439 58.ω1.

196 4450 340 4569 tw
347 4450 817 4575 ffitwttlffl
856 4459 896 4498 ⁸⁸⁰
905 4463 960 4497 “¹¹¹¹
1005 4465 1043 4511 ⁰¹*
1057 4454 1095 4496 ⁶⁴⁹
1109 4453 1148 4496 ⁶⁵·
