3098 5534
173 345 193 404 8
497 343 840 413 PHILOSOPHIAE
871 345 1155 416 NATURALIS.
1286 346 1471 431 [Danum

170 520 249 587 trale
264 523 368 609 (quale
382 525 579 614 estMagnes
593 528 626 591 in
646 541 754 594 centro
768 529 815 595 vis
838 531 1032 619 magnetica,
1056 530 1105 596 vel
1119 530 1222 598 Terra
1243 530 1278 596 in
1291 543 1402 598 centro
1426 529 1477 597 vis

169 627 362 717 gravitantis)
387 630 450 696 sive
464 632 525 696 alia
547 634 651 721 aliqua
680 657 751 720 quae
773 657 838 700 non
852 649 991 723 apparet.
1051 636 1293 704 Mathematicus
1320 637 1477 707 cantuae

171 746 218 800 est
237 733 290 798 hic
313 748 490 821 conceptus.
546 739 630 804 Nam
655 740 768 806 virium
793 763 899 807 causas
914 755 946 808 et
964 742 1052 808 sedes
1076 742 1225 830 Physica·
1243 744 1311 830 jans
1335 765 1401 810 non
1414 766 1474 810 ex·

170 841 284 928 pendo.

215 949 272 1015 Est
286 949 380 1037 igitur
395 949 440 1014 vis
455 950 653 1016 acceleratrix
665 951 705 1016 ad
720 953 783 1017 vim
797 955 959 1021 motricem
973 968 1008 1019 ut
1016 955 1156 1021 celeritas
1165 954 1205 1019 ad
1219 967 1349 1029 mamm.
1394 955 1472 1029 Ori·

170 1067 221 1120 tur
236 1055 319 1118 enirn
334 1056 488 1141 quantitas
502 1070 604 1122 motus
615 1081 657 1123 ex
671 1058 827 1125 celeritate
841 1072 873 1125 et
887 1083 927 1126 ex
941 1062 1112 1150 quantitate
1126 1062 1274 1141 materioe,
1290 1073 1323 1126 et
1335 1062 1381 1126 vis
1399 1084 1472 1127 mo-

169 1162 232 1226 trix
247 1184 288 1225 ex
303 1162 333 1224 vi
348 1163 560 1228 accelerabice
571 1175 603 1228 et
613 1187 655 1229 ex
665 1166 835 1250 quantitate
850 1167 986 1253 ejusdem
1000 1168 1139 1232 materiae
1152 1168 1351 1253 conjunctim.
1384 1168 1470 1233 Nam

170 1289 293 1334 summa
306 1268 463 1333 actionum
488 1270 534 1334 vis
558 1271 780 1336 acceleratricis
795 1274 828 1336 in
855 1273 990 1362 singulas
1009 1273 1149 1359 eorporis
1173 1273 1340 1359 particulas
1363 1285 1409 1337 est
1422 1274 1471 1338 vis

169 1376 284 1440 matrix
299 1375 405 1441 totius.
437 1377 533 1444 Unde
541 1378 634 1465 juxta
645 1379 838 1464 superficiem
848 1380 968 1459 Terrae,
985 1381 1039 1445 ubi
1052 1381 1187 1469 gravitas
1197 1380 1398 1445 aoedemuix
1411 1403 1470 1446 seu

169 1482 216 1546 vis
230 1483 388 1570 gravitam
402 1483 435 1547 in
450 1485 633 1570 corporibus
648 1486 796 1550 universis
807 1485 915 1551 eadem
930 1499 990 1566 est,
1000 1488 1134 1574 gratim
1148 1487 1264 1551 matrix
1279 1509 1334 1552 aen
1342 1487 1470 1572 pondus

168 1600 215 1653 est
229 1600 263 1650 ut
288 1610 413 1674 corpus:
446 1601 479 1654 at
501 1590 527 1653 si
550 1592 583 1655 in
607 1592 749 1679 regiones
773 1587 957 1657 ascendatur
982 1593 1036 1657 ubi
1050 1592 1185 1681 gravitas
1210 1592 1411 1658 acceleratrix
1429 1594 1470 1658 fit

167 1695 279 1774 minor,
295 1695 421 1780 pondus
435 1696 552 1780 pariter
565 1698 731 1780 minuetur,
748 1698 866 1784 eritque
877 1720 999 1784 semper
1014 1712 1049 1763 ut
1062 1699 1215 1785 corpus&
1228 1699 1363 1787 gravitas
1377 1721 1468 1766 acce-

166 1803 294 1868 leratrix
309 1804 509 1889 conjunctIm.
555 1803 608 1870 Sic
622 1804 655 1867 in
670 1803 848 1892 regionibus
862 1805 916 1869 ubi
930 1805 1065 1894 gravisus
1078 1806 1280 1870 acceleratrix
1294 1805 1392 1891 duplo
1405 1807 1468 1871 mi-

165 1932 225 1974 nor
239 1921 294 1987 est,
317 1909 440 1994 pondus
455 1910 594 1996 eorporis
608 1909 705 1995 duplo
720 1911 768 1976 vel
782 1911 877 1996 triplo
890 1912 1018 1977 minoris
1032 1913 1092 1977 erit
1105 1912 1280 2001 quadruplo
1293 1913 1343 1977 vel
1357 1925 1467 1979 sextu·

164 2014 219 2102 plo
232 2016 348 2082 minus.

210 2122 315 2187 Porro
329 2122 527 2187 attractiones
539 2133 571 2187 et
584 2122 734 2210 impulsus
749 2123 859 2188 eodem
868 2145 958 2188 sensu
969 2124 1196 2189 accelerabices
1205 2137 1236 2189 et
1246 2125 1395 2189 matrices
1405 2146 1466 2189 no-

164 2230 260 2293 mino.
306 2229 407 2294 Voces
421 2241 525 2294 autem
542 2230 754 2308 Attractionis,
772 2229 937 2314 Impulsus,
954 2230 1002 2295 vel
1019 2220 1239 2316 Propensidnis
1253 2232 1466 2319 cujusmanne

164 2337 198 2400 in
213 2350 365 2415 centrum,
388 2336 600 2401 indifferenter·
608 2350 639 2400 et
652 2358 712 2421 pro
727 2359 760 2400 se
774 2335 882 2400 mutuo
892 2336 1067 2421 promiscue
1081 2359 1211 2422 usurp03
1233 2336 1289 2402 has
1303 2337 1384 2401 vires
1398 2359 1465 2403 non

166 2441 310 2531 Physicd,
327 2441 381 2507 sed
398 2441 621 2508 Mathematici
637 2441 757 2507 tannim
772 2442 1007 2508 considerando.
1052 2444 1148 2510 Unde
1167 2456 1273 2508 caveat
1291 2443 1400 2523 lector,
1422 2465 1466 2510 ne

163 2571 224 2634 per
249 2548 426 2634 hujusmodi
452 2571 543 2612 voces
568 2549 683 2636 cogitet
696 2572 748 2613 me
771 2550 904 2633 speciem
919 2550 967 2614 vel
991 2549 1123 2615 modum
1147 2551 1275 2617 actionis
1299 2572 1465 2616 causamve

162 2667 217 2719 aut
231 2657 382 2719 rationem
399 2653 563 2741 Physicam
578 2654 691 2719 alicubi
706 2655 846 2734 definire,
871 2656 920 2720 vel
935 2657 1048 2720 centris
1063 2662 1147 2742 (quoe
1171 2669 1242 2721 sunt
1255 2668 1371 2741 puncta
1387 2657 1463 2723 Ma·

162 2761 341 2841 thematica)
357 2761 436 2826 vires
450 2760 522 2827 vere
536 2762 567 2825 δι
582 2759 714 2847 Physicis
730 2761 881 2841 tribuere;
908 2763 934 2827 si
958 2762 1041 2828 forte
1055 2777 1108 2828 aut
1122 2776 1229 2828 centra
1243 2763 1375 2843 trahere,
1408 2776 1464 2828 aut

161 2868 241 2933 vires
255 2883 433 2934 centrorum
448 2890 513 2933 esse
527 2868 647 2933 dixero.

729 3053 885 3119 Scholiasta.

204 3262 367 3328 Hactenus
381 3282 472 3327 voces
486 3260 588 3325 minus
602 3271 701 3339 notos,
728 3281 792 3347 quo
806 3280 896 3323 sensu
910 3259 943 3322 in
959 3257 1154 3346 sequentibus
1169 3256 1358 3344 accipiendae
1386 3259 1461 3340 sint,

160 3369 318 3455 explicare
332 3370 433 3434 visum
453 3380 508 3433 est.
561 3367 710 3452 Tempus,
736 3366 888 3452 Spatium,
912 3367 1034 3431 Locum
1054 3377 1085 3430 et
1105 3365 1243 3444 Motum,
1266 3376 1301 3428 ut
1315 3365 1463 3431 omnibus

160 3476 329 3554 notissima,
344 3498 410 3540 non
424 3475 551 3540 definio.
595 3473 779 3539 Notandum
793 3485 907 3552 tamen,
932 3471 1017 3559 quod
1036 3471 1147 3560 vulgus
1161 3472 1345 3558 quantitates
1367 3471 1462 3538 hasce

159 3605 225 3649 non
233 3584 323 3648 aliter
336 3604 430 3668 quam
444 3603 485 3646 ex
499 3581 648 3646 relatione
656 3581 696 3645 ad
706 3581 860 3645 sensibilia
869 3579 1032 3664 concipiat.
1077 3579 1120 3644 Et
1134 3579 1207 3643 inde
1220 3579 1364 3642 oriuntur
1377 3601 1462 3664 prae-

155 3690 273 3777 judicia
287 3688 441 3777 quasdam,
462 3689 574 3775 quibus
587 3687 732 3752 tollendis
746 3687 891 3751 convenit
905 3685 1029 3751 easdem
1043 3685 1077 3748 in
1092 3685 1245 3751 absolutas
1259 3695 1291 3748 et
1305 3685 1460 3767 relativas,

160 3819 248 3862 veras
261 3809 292 3860 et
307 3805 501 3880 apparentes,
517 3793 749 3859 mathematicas
764 3805 795 3858 et
809 3793 951 3881 vsdgares
965 3791 1122 3880 distingui.

204 3901 245 3988 (¹¹)
269 3903 296 3968 I.
319 3902 459 3987 Tempus
484 3900 682 3981 Absolutum,
705 3922 823 3979 verum,
846 3913 877 3965 et
900 3898 1161 3977 mathematicum,
1186 3896 1218 3960 in
1234 3917 1269 3962 se
1293 3907 1325 3959 et
1347 3897 1460 3963 namra

160 4008 215 4073 snb
231 4010 298 4072 aine
312 4008 463 4074 relatione
477 4007 517 4071 ad
532 4019 696 4073 externum
710 4007 851 4093 quodvis,
878 4005 1071 4093 aequsbiliter
1084 4004 1162 4082 fluit,
1189 4003 1312 4089 alioque
1330 4004 1462 4071 nomine

159 4115 273 4178 dicitur
287 4115 437 4180 Duratio:
463 4113 649 4193 Relativum,
674 4136 836 4200 apparens,
864 4125 895 4179 et
909 4113 1036 4201 vulgare
1055 4125 1101 4176 est
1121 4111 1270 4175 sensibilis
1285 4122 1316 4174 et
1330 4122 1462 4178 externa

158 4222 275 4308 qumvis
295 4222 478 4287 Durationis
488 4242 546 4306 per
560 4233 679 4285 motum
693 4243 838 4286 mensura
853 4227 921 4306 (seu
936 4232 1079 4284 accurata
1093 4240 1146 4281 seu
1171 4216 1376 4302 inaequabilis)
1396 4218 1459 4305 qna

158 4328 268 4417 vulgus
283 4330 350 4393 vice
364 4329 428 4392 veri
443 4328 591 4413 temporis
605 4327 718 4404 utitur3
741 4339 776 4391 ut
792 4329 894 4406 Hora,
911 4327 998 4406 Dies,
1024 4324 1152 4401 Mensis,
1171 4324 1291 4388 Annus.

202 4435 247 4500 11.
265 4434 407 4517 Spatium
423 4433 620 4511 Absolutum,
636 4433 746 4498 munt
761 4434 814 4498 sud
836 4435 901 4498 sine
915 4432 1063 4499 relatione
1077 4431 1118 4496 ad
1133 4442 1295 4494 externum
1315 4430 1456 4516 quodvis,

159 4562 280 4626 semper
294 4552 399 4604 manet
407 4539 579 4606 similare&
590 4514 761 4604 immbbile:
788 4540 963 4605 Relativum
975 4551 1021 4604 est
1035 4538 1124 4623 spatii
1139 4535 1230 4623 hujus
1244 4558 1389 4601 mensura
1403 4560 1456 4601 seu

158 4647 310 4712 dimensio
323 4646 470 4733 quaelibet
484 4647 616 4725 mobilis,
632 4669 703 4734 quae
717 4670 738 4711 a
756 4647 893 4710 sensibus
907 4646 1020 4710 nostris
1038 4665 1095 4730 per
1109 4642 1202 4707 situm
1227 4665 1317 4709 anum
1331 4643 1372 4709 ad
1386 4666 1458 4709 cor-

159 4792 229 4906 α(ιι)
248 4796 285 4840 16.
310 4788 532 4867 Qmadmdnn
550 4791 685 4838 Gconsetru
706 4789 793 4838 linum
825 4786 1456 4865 tummptbmsaticdcpnddermpommuq,taarpmp

176 4872 225 4905 usu
237 4862 317 4918 pauo
328 4867 434 4918 genum
445 4853 544 4917 fingunt,
557 4853 792 4916 rtotempusabuolu-
823 4853 961 4917 aqualulem
978 4868 1049 4901 uastas
1066 4861 1173 4900 smnus
1188 4866 1229 4898 scu
1247 4861 1329 4913 puncta
1346 4860 1457 4914 temporis
