<?xml version="1.0" encoding="UTF-8"?>
<!DOCTYPE html PUBLIC "-//W3C//DTD XHTML 1.0 Transitional//EN"
    "http://www.w3.org/TR/xhtml1/DTD/xhtml1-transitional.dtd">
<html xmlns="http://www.w3.org/1999/xhtml" xml:lang="en" lang="en">
 <head>
  <title>
</title>
<meta http-equiv="Content-Type" content="text/html;charset=utf-8" />
  <meta name='ocr-system' content='tesseract 3.04.00' />
  <meta name='ocr-capabilities' content='ocr_page ocr_carea ocr_par ocr_line ocrx_word'/>
</head>
<body>
  <div class='ocr_page' id='page_1' title='image "./philosophinatur01newtgoog/philosophinatur01newtgoog_0486.png"; bbox 0 0 3098 5534; ppageno 0'>
   <div class='ocr_carea' id='block_1_1' title="bbox 116 408 1402 517">
    <p class='ocr_par' dir='ltr' id='par_1_1' title="bbox 116 408 1402 517">
     <span class='ocr_line' id='line_1_1' title="bbox 116 408 1402 517; baseline 0.006 -22"><span class='ocrx_word' id='word_1_1' title='bbox 116 408 228 495; x_wconf 65' lang='lat' dir='ltr'><strong>imm</strong></span> <span class='ocrx_word' id='word_1_2' title='bbox 249 432 413 514; x_wconf 66' lang='lat' dir='ltr'><strong>ramur]</strong></span> <span class='ocrx_word' id='word_1_3' title='bbox 460 432 702 500; x_wconf 80' lang='lat' dir='ltr'><strong>rmncrpm</strong></span> <span class='ocrx_word' id='word_1_4' title='bbox 727 435 1101 517; x_wconf 77' lang='lat' dir='ltr'><strong>Mrrnnnamcr.</strong></span> <span class='ocrx_word' id='word_1_5' title='bbox 1339 437 1402 503; x_wconf 76' lang='lat' dir='ltr'><strong>no</strong></span> 
     </span>
    </p>
   </div>
   <div class='ocr_carea' id='block_1_2' title="bbox 115 596 998 1852">
    <p class='ocr_par' dir='ltr' id='par_1_2' title="bbox 117 596 766 686">
     <span class='ocr_line' id='line_1_2' title="bbox 117 596 766 686; baseline 0.009 -28"><span class='ocrx_word' id='word_1_6' title='bbox 117 618 137 658; x_wconf 90' lang='lat' dir='ltr'><strong>a</strong></span> <span class='ocrx_word' id='word_1_7' title='bbox 154 596 176 658; x_wconf 92' lang='lat' dir='ltr'>h</span> <span class='ocrx_word' id='word_1_8' title='bbox 192 619 213 660; x_wconf 86' lang='lat' dir='ltr'><strong>x</strong></span> <span class='ocrx_word' id='word_1_9' title='bbox 229 621 248 660; x_wconf 86' lang='lat' dir='ltr'><strong>n</strong></span> <span class='ocrx_word' id='word_1_10' title='bbox 270 597 479 663; x_wconf 84' lang='lat' dir='ltr'><strong>incidentibus</strong></span> <span class='ocrx_word' id='word_1_11' title='bbox 501 599 592 677; x_wconf 88' lang='lat' dir='ltr'><strong>adr,</strong></span> <span class='ocrx_word' id='word_1_12' title='bbox 618 623 650 686; x_wconf 86' lang='lat' dir='ltr'><strong>q,</strong></span> <span class='ocrx_word' id='word_1_13' title='bbox 676 623 709 684; x_wconf 92' lang='lat' dir='ltr'><strong>p,</strong></span> <span class='ocrx_word' id='word_1_14' title='bbox 732 614 766 664; x_wconf 91' lang='lat' dir='ltr'><strong>et</strong></span> 
     </span>
    </p>

    <p class='ocr_par' dir='ltr' id='par_1_3' title="bbox 117 706 769 793">
     <span class='ocr_line' id='line_1_3' title="bbox 117 706 769 793; baseline 0.005 -23"><span class='ocrx_word' id='word_1_15' title='bbox 117 708 204 770; x_wconf 80' lang='lat' dir='ltr'><strong>inter</strong></span> <span class='ocrx_word' id='word_1_16' title='bbox 225 708 332 783; x_wconf 88' lang='lat' dir='ltr'><strong>ketz‚</strong></span> <span class='ocrx_word' id='word_1_17' title='bbox 356 708 414 770; x_wconf 91' lang='lat' dir='ltr'><strong>iet</strong></span> <span class='ocrx_word' id='word_1_18' title='bbox 427 731 458 793; x_wconf 87' lang='lat' dir='ltr'><strong>y,</strong></span> <span class='ocrx_word' id='word_1_19' title='bbox 481 706 551 772; x_wconf 88' lang='lat' dir='ltr'><strong>het</strong></span> <span class='ocrx_word' id='word_1_20' title='bbox 563 730 596 786; x_wconf 87' lang='lat' dir='ltr'><strong>x,</strong></span> <span class='ocrx_word' id='word_1_21' title='bbox 620 709 769 773; x_wconf 82' lang='lat' dir='ltr'><strong>incurva--</strong></span> 
     </span>
    </p>

    <p class='ocr_par' dir='ltr' id='par_1_4' title="bbox 120 815 763 903">
     <span class='ocr_line' id='line_1_4' title="bbox 120 815 763 903; baseline 0.003 -25"><span class='ocrx_word' id='word_1_22' title='bbox 120 817 170 891; x_wconf 90' lang='lat' dir='ltr'><strong>tis,</strong></span> <span class='ocrx_word' id='word_1_23' title='bbox 188 815 377 879; x_wconf 87' lang='lat' dir='ltr'><strong>delineatum</strong></span> <span class='ocrx_word' id='word_1_24' title='bbox 399 829 454 880; x_wconf 84' lang='lat' dir='ltr'><strong>est.</strong></span> <span class='ocrx_word' id='word_1_25' title='bbox 499 816 601 903; x_wconf 84' lang='lat' dir='ltr'><strong>Igitur</strong></span> <span class='ocrx_word' id='word_1_26' title='bbox 624 817 665 880; x_wconf 94' lang='lat' dir='ltr'><strong>ob</strong></span> <span class='ocrx_word' id='word_1_27' title='bbox 688 840 763 880; x_wconf 88' lang='lat' dir='ltr'><strong>ana-</strong></span> 
     </span>
    </p>

    <p class='ocr_par' dir='ltr' id='par_1_5' title="bbox 122 921 763 1013">
     <span class='ocr_line' id='line_1_5' title="bbox 122 921 763 1013; baseline 0.008 -28"><span class='ocrx_word' id='word_1_28' title='bbox 122 921 237 1009; x_wconf 82' lang='lat' dir='ltr'><strong>logiam</strong></span> <span class='ocrx_word' id='word_1_29' title='bbox 252 946 322 1009; x_wconf 85' lang='lat' dir='ltr'><strong>quae</strong></span> <span class='ocrx_word' id='word_1_30' title='bbox 337 935 385 987; x_wconf 91' lang='lat' dir='ltr'><strong>est</strong></span> <span class='ocrx_word' id='word_1_31' title='bbox 406 925 488 988; x_wconf 88' lang='lat' dir='ltr'><strong>iuter</strong></span> <span class='ocrx_word' id='word_1_32' title='bbox 504 926 763 1013; x_wconf 83' lang='lat' dir='ltr'><strong>propagationem</strong></span> 
     </span>
    </p>

    <p class='ocr_par' dir='ltr' id='par_1_6' title="bbox 121 1031 762 1121">
     <span class='ocr_line' id='line_1_6' title="bbox 121 1031 762 1121; baseline 0.008 -27"><span class='ocrx_word' id='word_1_33' title='bbox 121 1031 281 1095; x_wconf 87' lang='lat' dir='ltr'><strong>radiorum</strong></span> <span class='ocrx_word' id='word_1_34' title='bbox 306 1031 384 1095; x_wconf 90' lang='lat' dir='ltr'><strong>lucis</strong></span> <span class='ocrx_word' id='word_1_35' title='bbox 410 1045 442 1097; x_wconf 89' lang='lat' dir='ltr'><strong>et</strong></span> <span class='ocrx_word' id='word_1_36' title='bbox 466 1055 667 1121; x_wconf 87' lang='lat' dir='ltr'><strong>progressum</strong></span> <span class='ocrx_word' id='word_1_37' title='bbox 692 1058 762 1099; x_wconf 90' lang='lat' dir='ltr'><strong>eor-</strong></span> 
     </span>
    </p>

    <p class='ocr_par' dir='ltr' id='par_1_7' title="bbox 120 1140 763 1226">
     <span class='ocr_line' id='line_1_7' title="bbox 120 1140 763 1226; baseline 0.011 -25"><span class='ocrx_word' id='word_1_38' title='bbox 120 1161 244 1223; x_wconf 85' lang='lat' dir='ltr'><strong>porum,</strong></span> <span class='ocrx_word' id='word_1_39' title='bbox 269 1140 369 1202; x_wconf 89' lang='lat' dir='ltr'><strong>visum</strong></span> <span class='ocrx_word' id='word_1_40' title='bbox 393 1153 441 1204; x_wconf 87' lang='lat' dir='ltr'><strong>est</strong></span> <span class='ocrx_word' id='word_1_41' title='bbox 461 1142 690 1226; x_wconf 86' lang='lat' dir='ltr'><strong>propositiones</strong></span> <span class='ocrx_word' id='word_1_42' title='bbox 713 1167 763 1208; x_wconf 91' lang='lat' dir='ltr'><strong>se·</strong></span> 
     </span>
    </p>

    <p class='ocr_par' dir='ltr' id='par_1_8' title="bbox 115 1249 998 1852">
     <span class='ocr_line' id='line_1_8' title="bbox 120 1249 998 1345; baseline 0.01 -35"><span class='ocrx_word' id='word_1_43' title='bbox 120 1261 251 1333; x_wconf 90' lang='lat' dir='ltr'><strong>quentes</strong></span> <span class='ocrx_word' id='word_1_44' title='bbox 267 1249 298 1310; x_wconf 90' lang='lat' dir='ltr'><strong>in</strong></span> <span class='ocrx_word' id='word_1_45' title='bbox 315 1270 389 1312; x_wconf 91' lang='lat' dir='ltr'><strong>usus</strong></span> <span class='ocrx_word' id='word_1_46' title='bbox 411 1250 532 1333; x_wconf 90' lang='lat' dir='ltr'><strong>opticos</strong></span> <span class='ocrx_word' id='word_1_47' title='bbox 554 1251 762 1339; x_wconf 79' lang='lat' dir='ltr'><strong>subjungere3</strong></span> <span class='ocrx_word' id='word_1_48' title='bbox 887 1331 893 1345; x_wconf 91' lang='lat'><em>.</em></span> <span class='ocrx_word' id='word_1_49' title='bbox 944 1329 950 1340; x_wconf 25' lang='grc' dir='ltr'>ι</span> <span class='ocrx_word' id='word_1_50' title='bbox 992 1331 998 1344; x_wconf 39' lang='grc'><strong>,</strong></span> 
     </span>
     <span class='ocr_line' id='line_1_9' title="bbox 121 1347 993 1454; baseline 0.011 -38"><span class='ocrx_word' id='word_1_51' title='bbox 121 1355 240 1418; x_wconf 88' lang='lat' dir='ltr'><strong>interea</strong></span> <span class='ocrx_word' id='word_1_52' title='bbox 264 1354 305 1419; x_wconf 91' lang='lat' dir='ltr'><strong>de</strong></span> <span class='ocrx_word' id='word_1_53' title='bbox 327 1355 438 1420; x_wconf 77' lang='lat' dir='ltr'><strong>naturri</strong></span> <span class='ocrx_word' id='word_1_54' title='bbox 461 1358 621 1422; x_wconf 85' lang='lat' dir='ltr'><strong>radiorum</strong></span> <span class='ocrx_word' id='word_1_55' title='bbox 643 1363 761 1444; x_wconf 90' lang='lat' dir='ltr'><strong>(utrum</strong></span> <span class='ocrx_word' id='word_1_56' title='bbox 966 1347 993 1454; x_wconf 67' lang='lat'><strong>3⁸³</strong></span> 
     </span>
     <span class='ocr_line' id='line_1_10' title="bbox 120 1442 969 1558; baseline 0.013 -33"><span class='ocrx_word' id='word_1_57' title='bbox 120 1463 182 1526; x_wconf 87' lang='lat' dir='ltr'><strong>sint</strong></span> <span class='ocrx_word' id='word_1_58' title='bbox 197 1485 331 1548; x_wconf 86' lang='lat' dir='ltr'><strong>corpora</strong></span> <span class='ocrx_word' id='word_1_59' title='bbox 344 1465 456 1543; x_wconf 91' lang='lat' dir='ltr'><strong>necne)</strong></span> <span class='ocrx_word' id='word_1_60' title='bbox 468 1465 547 1529; x_wconf 90' lang='lat' dir='ltr'><strong>nihil</strong></span> <span class='ocrx_word' id='word_1_61' title='bbox 559 1467 687 1530; x_wconf 93' lang='lat' dir='ltr'><strong>omnino</strong></span> <span class='ocrx_word' id='word_1_62' title='bbox 698 1467 762 1531; x_wconf 86' lang='lat' dir='ltr'><strong>dis·</strong></span> <span class='ocrx_word' id='word_1_63' title='bbox 846 1442 870 1556; x_wconf 39' lang='grc' dir='ltr'><strong>ῤ’·</strong></span> <span class='ocrx_word' id='word_1_64' title='bbox 947 1460 969 1558; x_wconf 68' lang='lat'><strong>3³</strong></span> 
     </span>
     <span class='ocr_line' id='line_1_11' title="bbox 118 1571 762 1659; baseline 0.01 -27"><span class='ocrx_word' id='word_1_65' title='bbox 118 1584 243 1654; x_wconf 85' lang='lat' dir='ltr'><strong>putans,</strong></span> <span class='ocrx_word' id='word_1_66' title='bbox 281 1571 336 1636; x_wconf 88' lang='lat' dir='ltr'><strong>sed</strong></span> <span class='ocrx_word' id='word_1_67' title='bbox 373 1573 564 1657; x_wconf 86' lang='lat' dir='ltr'><strong>trajectorias</strong></span> <span class='ocrx_word' id='word_1_68' title='bbox 593 1596 762 1659; x_wconf 93' lang='lat' dir='ltr'><strong>corporum</strong></span> 
     </span>
     <span class='ocr_line' id='line_1_12' title="bbox 117 1662 948 1764; baseline 0.005 -24"><span class='ocrx_word' id='word_1_69' title='bbox 117 1677 301 1762; x_wconf 87' lang='lat' dir='ltr'><strong>trajectoriis</strong></span> <span class='ocrx_word' id='word_1_70' title='bbox 327 1677 488 1742; x_wconf 88' lang='lat' dir='ltr'><strong>radiormn</strong></span> <span class='ocrx_word' id='word_1_71' title='bbox 514 1680 688 1764; x_wconf 80' lang='lat' dir='ltr'><strong>persimiles</strong></span> <span class='ocrx_word' id='word_1_72' title='bbox 712 1704 761 1747; x_wconf 87' lang='lat' dir='ltr'><strong>so·</strong></span> <span class='ocrx_word' id='word_1_73' title='bbox 817 1687 837 1735; x_wconf 75' lang='lat'><strong>0</strong></span> <span class='ocrx_word' id='word_1_74' title='bbox 875 1662 895 1744; x_wconf 78' lang='lat' dir='ltr'><strong>b</strong></span> <span class='ocrx_word' id='word_1_75' title='bbox 923 1702 948 1755; x_wconf 72' lang='lat' dir='ltr'><strong>o,</strong></span> 
     </span>
     <span class='ocr_line' id='line_1_13' title="bbox 115 1785 515 1852; baseline 0.008 -3"><span class='ocrx_word' id='word_1_76' title='bbox 115 1786 281 1851; x_wconf 92' lang='lat' dir='ltr'><strong>lummodo</strong></span> <span class='ocrx_word' id='word_1_77' title='bbox 295 1785 515 1852; x_wconf 83' lang='lat' dir='ltr'><strong>determinans.</strong></span> 
     </span>
    </p>
   </div>
   <div class='ocr_carea' id='block_1_3' title="bbox 1225 649 1363 753">
    <p class='ocr_par' dir='ltr' id='par_1_9' title="bbox 1225 649 1363 753">
     <span class='ocr_line' id='line_1_14' title="bbox 1225 649 1363 753; baseline 0.036 -17"><span class='ocrx_word' id='word_1_78' title='bbox 1225 667 1257 753; x_wconf 60' lang='lat' dir='ltr'><strong>‚f-</strong></span> <span class='ocrx_word' id='word_1_79' title='bbox 1287 649 1363 751; x_wconf 67' lang='lat' dir='ltr'><strong>p,</strong></span> 
     </span>
    </p>
   </div>
   <div class='ocr_carea' id='block_1_4' title="bbox 296 2080 1220 2153">
    <p class='ocr_par' dir='ltr' id='par_1_10' title="bbox 296 2080 1220 2153">
     <span class='ocr_line' id='line_1_15' title="bbox 296 2080 1220 2153; baseline 0.002 -7"><span class='ocrx_word' id='word_1_80' title='bbox 296 2082 580 2150; x_wconf 90' lang='lat' dir='ltr'>PROPOSITIO</span> <span class='ocrx_word' id='word_1_81' title='bbox 603 2083 747 2151; x_wconf 90' lang='lat' dir='ltr'><strong>XCVII.</strong></span> <span class='ocrx_word' id='word_1_82' title='bbox 793 2080 1053 2153; x_wconf 78' lang='lat' dir='ltr'><strong>PROBLEMA</strong></span> <span class='ocrx_word' id='word_1_83' title='bbox 1077 2084 1220 2151; x_wconf 89' lang='lat' dir='ltr'><strong>XLVII.</strong></span> 
     </span>
    </p>
   </div>
   <div class='ocr_carea' id='block_1_5' title="bbox 113 2278 1406 2797">
    <p class='ocr_par' dir='ltr' id='par_1_11' title="bbox 113 2278 1406 2797">
     <span class='ocr_line' id='line_1_16' title="bbox 113 2278 1406 2366; baseline 0.005 -26"><span class='ocrx_word' id='word_1_84' title='bbox 113 2278 218 2342; x_wconf 80' lang='lat' dir='ltr'><strong>Posito</strong></span> <span class='ocrx_word' id='word_1_85' title='bbox 231 2279 402 2361; x_wconf 68' lang='lat' dir='ltr'><strong>modoinus</strong></span> <span class='ocrx_word' id='word_1_86' title='bbox 416 2279 587 2342; x_wconf 79' lang='lat' dir='ltr'><strong>incidentiae</strong></span> <span class='ocrx_word' id='word_1_87' title='bbox 600 2281 633 2342; x_wconf 83' lang='lat' dir='ltr'><strong>in</strong></span> <span class='ocrx_word' id='word_1_88' title='bbox 647 2280 825 2362; x_wconf 77' lang='lat' dir='ltr'><strong>superficiem</strong></span> <span class='ocrx_word' id='word_1_89' title='bbox 839 2280 972 2362; x_wconf 81' lang='lat' dir='ltr'><strong>aliquam</strong></span> <span class='ocrx_word' id='word_1_90' title='bbox 986 2281 1025 2342; x_wconf 82' lang='lat' dir='ltr'><strong>sit</strong></span> <span class='ocrx_word' id='word_1_91' title='bbox 1045 2281 1088 2342; x_wconf 85' lang='lat' dir='ltr'><strong>ad</strong></span> <span class='ocrx_word' id='word_1_92' title='bbox 1107 2281 1201 2343; x_wconf 81' lang='lat' dir='ltr'><strong>sinum</strong></span> <span class='ocrx_word' id='word_1_93' title='bbox 1222 2283 1406 2366; x_wconf 80' lang='lat' dir='ltr'><strong>emergentiae</strong></span> 
     </span>
     <span class='ocr_line' id='line_1_17' title="bbox 155 2384 1405 2474; baseline 0.005 -26"><span class='ocrx_word' id='word_1_94' title='bbox 155 2388 190 2448; x_wconf 84' lang='lat' dir='ltr'><strong>in</strong></span> <span class='ocrx_word' id='word_1_95' title='bbox 204 2384 278 2448; x_wconf 74' lang='lat' dir='ltr'><strong>darc</strong></span> <span class='ocrx_word' id='word_1_96' title='bbox 292 2387 434 2455; x_wconf 65' lang='lat' dir='ltr'><strong>rationu</strong></span> <span class='ocrx_word' id='word_1_97' title='bbox 456 2389 588 2470; x_wconf 81' lang='lat' dir='ltr'><strong>quodque</strong></span> <span class='ocrx_word' id='word_1_98' title='bbox 602 2390 768 2451; x_wconf 77' lang='lat' dir='ltr'><strong>incurvatio</strong></span> <span class='ocrx_word' id='word_1_99' title='bbox 781 2389 839 2452; x_wconf 82' lang='lat' dir='ltr'><strong>viae</strong></span> <span class='ocrx_word' id='word_1_100' title='bbox 852 2409 1002 2469; x_wconf 76' lang='lat' dir='ltr'><strong>cmponrm</strong></span> <span class='ocrx_word' id='word_1_101' title='bbox 1008 2388 1100 2473; x_wconf 77' lang='lat' dir='ltr'><strong>juria</strong></span> <span class='ocrx_word' id='word_1_102' title='bbox 1122 2391 1297 2474; x_wconf 80' lang='lat' dir='ltr'><strong>superficiem</strong></span> <span class='ocrx_word' id='word_1_103' title='bbox 1321 2392 1405 2454; x_wconf 84' lang='lat' dir='ltr'><strong>iilam</strong></span> 
     </span>
     <span class='ocr_line' id='line_1_18' title="bbox 141 2495 1406 2589; baseline 0.002 -30"><span class='ocrx_word' id='word_1_104' title='bbox 141 2497 209 2578; x_wconf 79' lang='lat' dir='ltr'><strong>fiat</strong></span> <span class='ocrx_word' id='word_1_105' title='bbox 222 2498 255 2558; x_wconf 84' lang='lat' dir='ltr'><strong>in</strong></span> <span class='ocrx_word' id='word_1_106' title='bbox 269 2497 368 2578; x_wconf 81' lang='lat' dir='ltr'><strong>spatio</strong></span> <span class='ocrx_word' id='word_1_107' title='bbox 381 2495 558 2572; x_wconf 81' lang='lat' dir='ltr'><strong>brevissimo,</strong></span> <span class='ocrx_word' id='word_1_108' title='bbox 574 2499 654 2585; x_wconf 82' lang='lat' dir='ltr'><strong>quod</strong></span> <span class='ocrx_word' id='word_1_109' title='bbox 666 2505 700 2589; x_wconf 77' lang='lat' dir='ltr'><strong>nt</strong></span> <span class='ocrx_word' id='word_1_110' title='bbox 707 2505 848 2578; x_wconf 80' lang='lat' dir='ltr'><strong>pirnctnm</strong></span> <span class='ocrx_word' id='word_1_111' title='bbox 870 2498 1055 2560; x_wconf 82' lang='lat' dir='ltr'><strong>considerari</strong></span> <span class='ocrx_word' id='word_1_112' title='bbox 1070 2499 1187 2579; x_wconf 78' lang='lat' dir='ltr'><strong>possit.-</strong></span> <span class='ocrx_word' id='word_1_113' title='bbox 1211 2499 1406 2562; x_wconf 77' lang='lat' dir='ltr'><strong>determinare</strong></span> 
     </span>
     <span class='ocr_line' id='line_1_19' title="bbox 154 2600 1406 2688; baseline 0.004 -21"><span class='ocrx_word' id='word_1_114' title='bbox 154 2606 342 2688; x_wconf 68' lang='lat' dir='ltr'><strong>arpeqtciem,</strong></span> <span class='ocrx_word' id='word_1_115' title='bbox 359 2625 425 2688; x_wconf 80' lang='lat' dir='ltr'><strong>qnae</strong></span> <span class='ocrx_word' id='word_1_116' title='bbox 440 2607 610 2686; x_wconf 78' lang='lat' dir='ltr'><strong>copusmla</strong></span> <span class='ocrx_word' id='word_1_117' title='bbox 624 2607 724 2668; x_wconf 84' lang='lat' dir='ltr'><strong>omnia</strong></span> <span class='ocrx_word' id='word_1_118' title='bbox 739 2607 852 2670; x_wconf 77' lang='lat' dir='ltr'><strong>cle-loco</strong></span> <span class='ocrx_word' id='word_1_119' title='bbox 865 2607 937 2670; x_wconf 84' lang='lat' dir='ltr'><strong>dato</strong></span> <span class='ocrx_word' id='word_1_120' title='bbox 950 2603 1104 2671; x_wconf 69' lang='lat' dir='ltr'><strong>meretrice*</strong></span> <span class='ocrx_word' id='word_1_121' title='bbox 1116 2600 1272 2672; x_wconf 69' lang='lat' dir='ltr'><strong>conantia</strong></span> <span class='ocrx_word' id='word_1_122' title='bbox 1287 2628 1406 2672; x_wconf 83' lang='lat' dir='ltr'><strong>conner-</strong></span> 
     </span>
     <span class='ocr_line' id='line_1_20' title="bbox 150 2713 722 2797; baseline 0.002 -22"><span class='ocrx_word' id='word_1_123' title='bbox 150 2733 223 2794; x_wconf 79' lang='lat' dir='ltr'><strong>gere</strong></span> <span class='ocrx_word' id='word_1_124' title='bbox 224 2713 331 2797; x_wconf 81' lang='lat' dir='ltr'><strong>saciat</strong></span> <span class='ocrx_word' id='word_1_125' title='bbox 345 2715 388 2776; x_wconf 84' lang='lat' dir='ltr'><strong>ad</strong></span> <span class='ocrx_word' id='word_1_126' title='bbox 400 2713 493 2776; x_wconf 83' lang='lat' dir='ltr'><strong>alium</strong></span> <span class='ocrx_word' id='word_1_127' title='bbox 507 2713 598 2776; x_wconf 77' lang='lat' dir='ltr'><strong>lecim</strong></span> <span class='ocrx_word' id='word_1_128' title='bbox 612 2713 722 2777; x_wconf 76' lang='lat' dir='ltr'><strong>datum,</strong></span> 
     </span>
    </p>
   </div>
   <div class='ocr_carea' id='block_1_6' title="bbox 111 2903 491 3098">
    <p class='ocr_par' dir='ltr' id='par_1_12' title="bbox 111 2903 491 3098">
     <span class='ocr_line' id='line_1_21' title="bbox 156 2903 491 2991; baseline 0.003 -23"><span class='ocrx_word' id='word_1_129' title='bbox 156 2904 204 2969; x_wconf 86' lang='lat' dir='ltr'><strong>sit</strong></span> <span class='ocrx_word' id='word_1_130' title='bbox 225 2904 255 2967; x_wconf 83' lang='lat' dir='ltr'>A</span> <span class='ocrx_word' id='word_1_131' title='bbox 277 2903 365 2968; x_wconf 91' lang='lat' dir='ltr'><strong>locus</strong></span> <span class='ocrx_word' id='word_1_132' title='bbox 387 2927 407 2967; x_wconf 90' lang='lat' dir='ltr'><strong>a</strong></span> <span class='ocrx_word' id='word_1_133' title='bbox 428 2926 491 2991; x_wconf 90' lang='lat' dir='ltr'><strong>quo</strong></span> 
     </span>
     <span class='ocr_line' id='line_1_22' title="bbox 111 3012 486 3098; baseline 0.005 -25"><span class='ocrx_word' id='word_1_134' title='bbox 111 3012 486 3098; x_wconf 77' lang='lat' dir='ltr'><strong>coniuseuladivergunt3</strong></span> 
     </span>
    </p>
   </div>
   <div class='ocr_carea' id='block_1_7' title="bbox 109 3120 488 3312">
    <p class='ocr_par' dir='ltr' id='par_1_13' title="bbox 109 3120 488 3312">
     <span class='ocr_line' id='line_1_23' title="bbox 112 3120 487 3204; baseline 0 -21"><span class='ocrx_word' id='word_1_135' title='bbox 112 3121 140 3183; x_wconf 93' lang='lat' dir='ltr'>B</span> <span class='ocrx_word' id='word_1_136' title='bbox 155 3120 242 3183; x_wconf 88' lang='lat' dir='ltr'><strong>locus</strong></span> <span class='ocrx_word' id='word_1_137' title='bbox 256 3120 289 3183; x_wconf 90' lang='lat' dir='ltr'><strong>in</strong></span> <span class='ocrx_word' id='word_1_138' title='bbox 305 3141 397 3204; x_wconf 91' lang='lat' dir='ltr'><strong>quem</strong></span> <span class='ocrx_word' id='word_1_139' title='bbox 412 3142 487 3183; x_wconf 91' lang='lat' dir='ltr'><strong>con·</strong></span> 
     </span>
     <span class='ocr_line' id='line_1_24' title="bbox 109 3225 488 3312; baseline 0.008 -25"><span class='ocrx_word' id='word_1_140' title='bbox 109 3249 238 3312; x_wconf 87' lang='lat' dir='ltr'><strong>vergere</strong></span> <span class='ocrx_word' id='word_1_141' title='bbox 247 3226 375 3302; x_wconf 83' lang='lat' dir='ltr'><strong>debent3</strong></span> <span class='ocrx_word' id='word_1_142' title='bbox 393 3225 488 3290; x_wconf 85' lang='lat' dir='ltr'><strong>CDE</strong></span> 
     </span>
    </p>
   </div>
   <div class='ocr_carea' id='block_1_8' title="bbox 104 3334 1407 3962">
    <p class='ocr_par' dir='ltr' id='par_1_14' title="bbox 108 3334 487 3421">
     <span class='ocr_line' id='line_1_25' title="bbox 108 3334 487 3421; baseline 0.005 -24"><span class='ocrx_word' id='word_1_143' title='bbox 108 3357 204 3398; x_wconf 87' lang='lat' dir='ltr'><strong>curvo</strong></span> <span class='ocrx_word' id='word_1_144' title='bbox 218 3334 300 3399; x_wconf 85' lang='lat' dir='ltr'><strong>linea</strong></span> <span class='ocrx_word' id='word_1_145' title='bbox 319 3359 390 3421; x_wconf 83' lang='lat' dir='ltr'><strong>qum</strong></span> <span class='ocrx_word' id='word_1_146' title='bbox 405 3335 487 3399; x_wconf 88' lang='lat' dir='ltr'><strong>circa</strong></span> 
     </span>
    </p>

    <p class='ocr_par' dir='ltr' id='par_1_15' title="bbox 107 3440 1379 3633">
     <span class='ocr_line' id='line_1_26' title="bbox 107 3440 1379 3557; baseline 0.005 -55"><span class='ocrx_word' id='word_1_147' title='bbox 107 3463 199 3503; x_wconf 84' lang='lat' dir='ltr'><strong>axem</strong></span> <span class='ocrx_word' id='word_1_148' title='bbox 229 3442 259 3503; x_wconf 88' lang='lat' dir='ltr'>A</span> <span class='ocrx_word' id='word_1_149' title='bbox 288 3442 316 3504; x_wconf 93' lang='lat' dir='ltr'>B</span> <span class='ocrx_word' id='word_1_150' title='bbox 346 3440 487 3506; x_wconf 83' lang='lat' dir='ltr'><strong>revoluta</strong></span> <span class='ocrx_word' id='word_1_151' title='bbox 536 3480 573 3545; x_wconf 71' lang='lat' dir='ltr'>A</span> <span class='ocrx_word' id='word_1_152' title='bbox 834 3486 860 3549; x_wconf 70' lang='lat'><strong>(*</strong></span> <span class='ocrx_word' id='word_1_153' title='bbox 891 3486 927 3554; x_wconf 76' lang='lat' dir='ltr'>N</span> <span class='ocrx_word' id='word_1_154' title='bbox 934 3488 978 3557; x_wconf 82' lang='lat' dir='ltr'>M</span> <span class='ocrx_word' id='word_1_155' title='bbox 1348 3478 1379 3544; x_wconf 74' lang='lat' dir='ltr'>B</span> 
     </span>
     <span class='ocr_line' id='line_1_27' title="bbox 107 3549 485 3633; baseline 0.005 -22"><span class='ocrx_word' id='word_1_156' title='bbox 107 3549 263 3613; x_wconf 86' lang='lat' dir='ltr'><strong>describat</strong></span> <span class='ocrx_word' id='word_1_157' title='bbox 288 3549 485 3633; x_wconf 90' lang='lat' dir='ltr'><strong>superficiem</strong></span> 
     </span>
    </p>

    <p class='ocr_par' dir='ltr' id='par_1_16' title="bbox 104 3657 1407 3962">
     <span class='ocr_line' id='line_1_28' title="bbox 107 3657 1405 3743; baseline 0.002 -24"><span class='ocrx_word' id='word_1_158' title='bbox 107 3658 291 3743; x_wconf 74' lang='lat' dir='ltr'><strong>quaesitam,</strong></span> <span class='ocrx_word' id='word_1_159' title='bbox 316 3658 360 3735; x_wconf 90' lang='lat' dir='ltr'><strong>D,</strong></span> <span class='ocrx_word' id='word_1_160' title='bbox 378 3657 407 3721; x_wconf 90' lang='lat' dir='ltr'>E</span> <span class='ocrx_word' id='word_1_161' title='bbox 422 3679 525 3722; x_wconf 84' lang='lat' dir='ltr'><strong>curvae</strong></span> <span class='ocrx_word' id='word_1_162' title='bbox 541 3657 624 3722; x_wconf 88' lang='lat' dir='ltr'><strong>illius</strong></span> <span class='ocrx_word' id='word_1_163' title='bbox 639 3669 757 3742; x_wconf 88' lang='lat' dir='ltr'><strong>puncta</strong></span> <span class='ocrx_word' id='word_1_164' title='bbox 776 3657 841 3721; x_wconf 94' lang='lat' dir='ltr'><strong>duo</strong></span> <span class='ocrx_word' id='word_1_165' title='bbox 862 3657 1000 3743; x_wconf 81' lang='lat' dir='ltr'><strong>quaevis3</strong></span> <span class='ocrx_word' id='word_1_166' title='bbox 1022 3669 1055 3723; x_wconf 86' lang='lat' dir='ltr'><strong>et</strong></span> <span class='ocrx_word' id='word_1_167' title='bbox 1070 3657 1099 3723; x_wconf 88' lang='lat' dir='ltr'>E</span> <span class='ocrx_word' id='word_1_168' title='bbox 1116 3658 1153 3736; x_wconf 88' lang='lat' dir='ltr'><strong>F,</strong></span> <span class='ocrx_word' id='word_1_169' title='bbox 1171 3658 1200 3722; x_wconf 89' lang='lat' dir='ltr'>E</span> <span class='ocrx_word' id='word_1_170' title='bbox 1217 3659 1250 3724; x_wconf 90' lang='lat' dir='ltr'>G</span> <span class='ocrx_word' id='word_1_171' title='bbox 1270 3679 1405 3743; x_wconf 83' lang='lat' dir='ltr'><strong>perpen-</strong></span> 
     </span>
     <span class='ocr_line' id='line_1_29' title="bbox 105 3766 1407 3853; baseline 0.002 -23"><span class='ocrx_word' id='word_1_172' title='bbox 105 3767 211 3830; x_wconf 84' lang='lat' dir='ltr'><strong>dicula</strong></span> <span class='ocrx_word' id='word_1_173' title='bbox 236 3766 268 3829; x_wconf 94' lang='lat' dir='ltr'><strong>in</strong></span> <span class='ocrx_word' id='word_1_174' title='bbox 295 3767 436 3851; x_wconf 87' lang='lat' dir='ltr'><strong>corporis</strong></span> <span class='ocrx_word' id='word_1_175' title='bbox 463 3767 527 3830; x_wconf 88' lang='lat' dir='ltr'><strong>vias</strong></span> <span class='ocrx_word' id='word_1_176' title='bbox 553 3767 644 3843; x_wconf 85' lang='lat' dir='ltr'><strong>AD,</strong></span> <span class='ocrx_word' id='word_1_177' title='bbox 669 3767 749 3832; x_wconf 92' lang='lat' dir='ltr'><strong>DB</strong></span> <span class='ocrx_word' id='word_1_178' title='bbox 774 3766 918 3832; x_wconf 82' lang='lat' dir='ltr'><strong>demissa.</strong></span> <span class='ocrx_word' id='word_1_179' title='bbox 962 3768 1104 3833; x_wconf 85' lang='lat' dir='ltr'><strong>Accedat</strong></span> <span class='ocrx_word' id='word_1_180' title='bbox 1125 3782 1279 3853; x_wconf 88' lang='lat' dir='ltr'><strong>punctum</strong></span> <span class='ocrx_word' id='word_1_181' title='bbox 1307 3768 1341 3834; x_wconf 94' lang='lat' dir='ltr'>D</span> <span class='ocrx_word' id='word_1_182' title='bbox 1364 3768 1407 3833; x_wconf 92' lang='lat' dir='ltr'><strong>ad</strong></span> 
     </span>
     <span class='ocr_line' id='line_1_30' title="bbox 104 3872 1405 3962; baseline 0.002 -24"><span class='ocrx_word' id='word_1_183' title='bbox 104 3887 258 3959; x_wconf 86' lang='lat' dir='ltr'><strong>punctum</strong></span> <span class='ocrx_word' id='word_1_184' title='bbox 274 3872 304 3936; x_wconf 90' lang='lat' dir='ltr'>E</span> <span class='ocrx_word' id='word_1_185' title='bbox 314 3896 323 3949; x_wconf 91' lang='lat'>;</span> <span class='ocrx_word' id='word_1_186' title='bbox 347 3887 378 3938; x_wconf 92' lang='lat' dir='ltr'><strong>et</strong></span> <span class='ocrx_word' id='word_1_187' title='bbox 392 3873 485 3936; x_wconf 83' lang='lat' dir='ltr'><strong>lineae</strong></span> <span class='ocrx_word' id='word_1_188' title='bbox 499 3873 534 3938; x_wconf 96' lang='lat' dir='ltr'><strong>D</strong></span> <span class='ocrx_word' id='word_1_189' title='bbox 551 3872 588 3951; x_wconf 89' lang='lat' dir='ltr'><strong>F,</strong></span> <span class='ocrx_word' id='word_1_190' title='bbox 604 3873 665 3958; x_wconf 70' lang='lat' dir='ltr'><strong>quir</strong></span> <span class='ocrx_word' id='word_1_191' title='bbox 683 3874 712 3938; x_wconf 83' lang='lat' dir='ltr'>A</span> <span class='ocrx_word' id='word_1_192' title='bbox 729 3874 763 3937; x_wconf 89' lang='grc' dir='ltr'><strong>Ι)</strong></span> <span class='ocrx_word' id='word_1_193' title='bbox 779 3885 920 3962; x_wconf 86' lang='lat' dir='ltr'><strong>nugetur,</strong></span> <span class='ocrx_word' id='word_1_194' title='bbox 938 3873 978 3937; x_wconf 88' lang='lat' dir='ltr'><strong>ad</strong></span> <span class='ocrx_word' id='word_1_195' title='bbox 992 3873 1106 3938; x_wconf 89' lang='lat' dir='ltr'><strong>lineam</strong></span> <span class='ocrx_word' id='word_1_196' title='bbox 1124 3874 1160 3938; x_wconf 93' lang='lat' dir='ltr'>D</span> <span class='ocrx_word' id='word_1_197' title='bbox 1178 3875 1221 3952; x_wconf 92' lang='lat' dir='ltr'><strong>G,</strong></span> <span class='ocrx_word' id='word_1_198' title='bbox 1246 3872 1308 3961; x_wconf 79' lang='lat' dir='ltr'><strong>quir</strong></span> <span class='ocrx_word' id='word_1_199' title='bbox 1324 3873 1359 3939; x_wconf 95' lang='lat' dir='ltr'>D</span> <span class='ocrx_word' id='word_1_200' title='bbox 1376 3874 1405 3940; x_wconf 92' lang='lat' dir='ltr'>B</span> 
     </span>
    </p>
   </div>
   <div class='ocr_carea' id='block_1_9' title="bbox 102 4068 1406 4712">
    <p class='ocr_par' dir='ltr' id='par_1_17' title="bbox 103 4068 1406 4454">
     <span class='ocr_line' id='line_1_31' title="bbox 103 4068 1406 4135; baseline -0.001 -15"><span class='ocrx_word' id='word_1_201' title='bbox 103 4084 151 4120; x_wconf 86' lang='lat' dir='ltr'><strong>tam</strong></span> <span class='ocrx_word' id='word_1_202' title='bbox 162 4073 341 4133; x_wconf 81' lang='lat' dir='ltr'><strong>philosophandi</strong></span> <span class='ocrx_word' id='word_1_203' title='bbox 352 4072 473 4129; x_wconf 72' lang='lat' dir='ltr'><strong>tutionem,</strong></span> <span class='ocrx_word' id='word_1_204' title='bbox 494 4071 519 4118; x_wconf 90' lang='lat' dir='ltr'><strong>in</strong></span> <span class='ocrx_word' id='word_1_205' title='bbox 535 4080 625 4119; x_wconf 75' lang='lat' dir='ltr'><strong>naturai</strong></span> <span class='ocrx_word' id='word_1_206' title='bbox 641 4071 737 4132; x_wconf 85' lang='lat' dir='ltr'><strong>phreno-</strong></span> <span class='ocrx_word' id='word_1_207' title='bbox 768 4069 814 4118; x_wconf 81' lang='lat' dir='ltr'><strong>diis</strong></span> <span class='ocrx_word' id='word_1_208' title='bbox 819 4068 888 4133; x_wconf 87' lang='lat' dir='ltr'><strong>objici</strong></span> <span class='ocrx_word' id='word_1_209' title='bbox 895 4088 903 4129; x_wconf 66' lang='grc' dir='ltr'><strong>ς</strong></span> <span class='ocrx_word' id='word_1_210' title='bbox 917 4069 1094 4119; x_wconf 82' lang='lat' dir='ltr'><strong>Leibnitriusin</strong></span> <span class='ocrx_word' id='word_1_211' title='bbox 1104 4071 1170 4118; x_wconf 80' lang='lat' dir='ltr'><strong>Actis</strong></span> <span class='ocrx_word' id='word_1_212' title='bbox 1179 4070 1334 4119; x_wconf 82' lang='lat' dir='ltr'><strong>Eruditorum</strong></span> <span class='ocrx_word' id='word_1_213' title='bbox 1346 4071 1406 4135; x_wconf 86' lang='lat' dir='ltr'><strong>Lip-</strong></span> 
     </span>
     <span class='ocr_line' id='line_1_32' title="bbox 103 4134 1405 4199; baseline -0.001 -16"><span class='ocrx_word' id='word_1_214' title='bbox 103 4153 175 4183; x_wconf 77' lang='lat' dir='ltr'><strong>mena</strong></span> <span class='ocrx_word' id='word_1_215' title='bbox 186 4138 288 4197; x_wconf 78' lang='lat' dir='ltr'><strong>priorum</strong></span> <span class='ocrx_word' id='word_1_216' title='bbox 300 4138 413 4184; x_wconf 80' lang='lat' dir='ltr'><strong>debemus</strong></span> <span class='ocrx_word' id='word_1_217' title='bbox 428 4137 554 4199; x_wconf 82' lang='lat' dir='ltr'><strong>diligenter</strong></span> <span class='ocrx_word' id='word_1_218' title='bbox 569 4134 693 4197; x_wconf 80' lang='lat' dir='ltr'><strong>inquirere,</strong></span> <span class='ocrx_word' id='word_1_219' title='bbox 710 4145 738 4182; x_wconf 87' lang='lat' dir='ltr'><strong>ut</strong></span> <span class='ocrx_word' id='word_1_220' title='bbox 769 4135 885 4181; x_wconf 75' lang='lat' dir='ltr'><strong>aiensibus</strong></span> <span class='ocrx_word' id='word_1_221' title='bbox 904 4150 942 4182; x_wconf 82' lang='lat' dir='ltr'><strong>en.</strong></span> <span class='ocrx_word' id='word_1_222' title='bbox 961 4140 1030 4182; x_wconf 78' lang='lat'>1682.</span> <span class='ocrx_word' id='word_1_223' title='bbox 1044 4151 1098 4199; x_wconf 81' lang='lat' dir='ltr'><strong>pag.</strong></span> <span class='ocrx_word' id='word_1_224' title='bbox 1116 4140 1168 4183; x_wconf 80' lang='lat'><strong>185.</strong></span> <span class='ocrx_word' id='word_1_225' title='bbox 1189 4135 1235 4182; x_wconf 77' lang='lat' dir='ltr'><strong>hie</strong></span> <span class='ocrx_word' id='word_1_226' title='bbox 1254 4135 1315 4183; x_wconf 75' lang='lat' dir='ltr'><strong>facti</strong></span> <span class='ocrx_word' id='word_1_227' title='bbox 1330 4137 1405 4198; x_wconf 82' lang='lat' dir='ltr'><strong>hypo-</strong></span> 
     </span>
     <span class='ocr_line' id='line_1_33' title="bbox 104 4198 1405 4263; baseline 0.002 -17"><span class='ocrx_word' id='word_1_228' title='bbox 104 4201 184 4261; x_wconf 67' lang='lat' dir='ltr'><strong>posteri</strong></span> <span class='ocrx_word' id='word_1_229' title='bbox 194 4214 273 4247; x_wconf 78' lang='lat' dir='ltr'><strong>morus</strong></span> <span class='ocrx_word' id='word_1_230' title='bbox 284 4216 407 4261; x_wconf 86' lang='lat' dir='ltr'><strong>corporum</strong></span> <span class='ocrx_word' id='word_1_231' title='bbox 418 4215 547 4262; x_wconf 83' lang='lat' dir='ltr'><strong>eommque</strong></span> <span class='ocrx_word' id='word_1_232' title='bbox 561 4199 625 4263; x_wconf 77' lang='lat' dir='ltr'><strong>leges</strong></span> <span class='ocrx_word' id='word_1_233' title='bbox 641 4210 666 4246; x_wconf 89' lang='lat' dir='ltr'><strong>et</strong></span> <span class='ocrx_word' id='word_1_234' title='bbox 681 4214 736 4247; x_wconf 83' lang='lat' dir='ltr'><strong>cau·</strong></span> <span class='ocrx_word' id='word_1_235' title='bbox 770 4199 838 4255; x_wconf 86' lang='lat' dir='ltr'><strong>thesi,</strong></span> <span class='ocrx_word' id='word_1_236' title='bbox 850 4198 914 4260; x_wconf 88' lang='lat' dir='ltr'><strong>quod</strong></span> <span class='ocrx_word' id='word_1_237' title='bbox 923 4199 1004 4246; x_wconf 87' lang='lat' dir='ltr'><strong>lumen</strong></span> <span class='ocrx_word' id='word_1_238' title='bbox 1016 4214 1030 4246; x_wconf 81' lang='lat' dir='ltr'><strong>a</strong></span> <span class='ocrx_word' id='word_1_239' title='bbox 1040 4209 1130 4260; x_wconf 86' lang='lat' dir='ltr'><strong>puncto</strong></span> <span class='ocrx_word' id='word_1_240' title='bbox 1138 4199 1241 4246; x_wconf 81' lang='lat' dir='ltr'><strong>radiante</strong></span> <span class='ocrx_word' id='word_1_241' title='bbox 1250 4200 1278 4246; x_wconf 87' lang='lat' dir='ltr'><strong>ad</strong></span> <span class='ocrx_word' id='word_1_242' title='bbox 1288 4209 1405 4261; x_wconf 81' lang='lat' dir='ltr'><strong>punctum</strong></span> 
     </span>
     <span class='ocr_line' id='line_1_34' title="bbox 103 4261 1403 4327; baseline -0.002 -15"><span class='ocrx_word' id='word_1_243' title='bbox 103 4283 140 4312; x_wconf 76' lang='lat' dir='ltr'><strong>ms</strong></span> <span class='ocrx_word' id='word_1_244' title='bbox 150 4268 280 4312; x_wconf 80' lang='lat' dir='ltr'><strong>accuratius</strong></span> <span class='ocrx_word' id='word_1_245' title='bbox 289 4265 604 4327; x_wconf 71' lang='lat' dir='ltr'><strong>investigarencognosem</strong></span> <span class='ocrx_word' id='word_1_246' title='bbox 612 4264 735 4324; x_wconf 84' lang='lat' dir='ltr'><strong>possimus.</strong></span> <span class='ocrx_word' id='word_1_247' title='bbox 770 4261 937 4308; x_wconf 80' lang='lat' dir='ltr'><strong>illustrandum</strong></span> <span class='ocrx_word' id='word_1_248' title='bbox 959 4262 997 4310; x_wconf 74' lang='lat' dir='ltr'><strong>vid</strong></span> <span class='ocrx_word' id='word_1_249' title='bbox 1019 4263 1126 4309; x_wconf 89' lang='lat' dir='ltr'><strong>onmium</strong></span> <span class='ocrx_word' id='word_1_250' title='bbox 1149 4261 1260 4309; x_wconf 70' lang='lat' dir='ltr'><strong>facillimi</strong></span> <span class='ocrx_word' id='word_1_251' title='bbox 1276 4262 1403 4323; x_wconf 72' lang='lat' dir='ltr'><strong>perveniat,</strong></span> 
     </span>
     <span class='ocr_line' id='line_1_35' title="bbox 105 4325 1361 4389; baseline 0 -13"><span class='ocrx_word' id='word_1_252' title='bbox 105 4332 225 4377; x_wconf 68' lang='lat' dir='ltr'><strong>Ceterum</strong></span> <span class='ocrx_word' id='word_1_253' title='bbox 238 4331 262 4374; x_wconf 90' lang='lat' dir='ltr'><strong>in</strong></span> <span class='ocrx_word' id='word_1_254' title='bbox 274 4331 429 4389; x_wconf 68' lang='lat' dir='ltr'><strong>phoenomena</strong></span> <span class='ocrx_word' id='word_1_255' title='bbox 440 4329 570 4376; x_wconf 76' lang='lat' dir='ltr'><strong>relictionis</strong></span> <span class='ocrx_word' id='word_1_256' title='bbox 580 4342 607 4374; x_wconf 80' lang='lat' dir='ltr'><strong>ee</strong></span> <span class='ocrx_word' id='word_1_257' title='bbox 618 4325 737 4374; x_wconf 77' lang='lat' dir='ltr'><strong>ml&#39;rectio-</strong></span> <span class='ocrx_word' id='word_1_258' title='bbox 769 4325 898 4388; x_wconf 77' lang='lat' dir='ltr'><strong>quietim</strong></span> <span class='ocrx_word' id='word_1_259' title='bbox 917 4341 975 4373; x_wconf 76' lang='lat' dir='ltr'><strong>usus</strong></span> <span class='ocrx_word' id='word_1_260' title='bbox 993 4335 1043 4373; x_wconf 83' lang='lat' dir='ltr'><strong>erat</strong></span> <span class='ocrx_word' id='word_1_261' title='bbox 1061 4325 1129 4372; x_wconf 75' lang='lat' dir='ltr'><strong>antei</strong></span> <span class='ocrx_word' id='word_1_262' title='bbox 1150 4326 1298 4384; x_wconf 74' lang='lat' dir='ltr'><strong>Fermntius5</strong></span> <span class='ocrx_word' id='word_1_263' title='bbox 1316 4327 1361 4376; x_wconf 77' lang='lat' dir='ltr'><strong>uu</strong></span> 
     </span>
     <span class='ocr_line' id='line_1_36' title="bbox 103 4389 1336 4454; baseline -0.001 -15"><span class='ocrx_word' id='word_1_264' title='bbox 103 4395 140 4440; x_wconf 77' lang='lat' dir='ltr'><strong>nir</strong></span> <span class='ocrx_word' id='word_1_265' title='bbox 151 4394 209 4439; x_wconf 88' lang='lat' dir='ltr'><strong>lucis</strong></span> <span class='ocrx_word' id='word_1_266' title='bbox 220 4408 348 4454; x_wconf 85' lang='lat' dir='ltr'><strong>eorumque</strong></span> <span class='ocrx_word' id='word_1_267' title='bbox 355 4407 436 4438; x_wconf 78' lang='lat' dir='ltr'><strong>cauam</strong></span> <span class='ocrx_word' id='word_1_268' title='bbox 442 4392 597 4454; x_wconf 85' lang='lat' dir='ltr'><strong>inquisierunt</strong></span> <span class='ocrx_word' id='word_1_269' title='bbox 604 4391 735 4452; x_wconf 86' lang='lat' dir='ltr'><strong>philosophi</strong></span> <span class='ocrx_word' id='word_1_270' title='bbox 769 4391 823 4436; x_wconf 83' lang='lat' dir='ltr'><strong>nius</strong></span> <span class='ocrx_word' id='word_1_271' title='bbox 834 4390 858 4436; x_wconf 89' lang='lat' dir='ltr'><strong>in</strong></span> <span class='ocrx_word' id='word_1_272' title='bbox 870 4399 968 4437; x_wconf 73' lang='lat' dir='ltr'><strong>tractatu</strong></span> <span class='ocrx_word' id='word_1_273' title='bbox 979 4389 1009 4438; x_wconf 87' lang='lat' dir='ltr'><strong>de</strong></span> <span class='ocrx_word' id='word_1_274' title='bbox 1020 4390 1111 4436; x_wconf 89' lang='lat' dir='ltr'><strong>lumine</strong></span> <span class='ocrx_word' id='word_1_275' title='bbox 1121 4404 1163 4451; x_wconf 86' lang='lat' dir='ltr'><strong>per</strong></span> <span class='ocrx_word' id='word_1_276' title='bbox 1178 4398 1286 4437; x_wconf 75' lang='lat' dir='ltr'><strong>naturam</strong></span> <span class='ocrx_word' id='word_1_277' title='bbox 1303 4406 1336 4438; x_wconf 88' lang='lat' dir='ltr'><strong>un</strong></span> 
     </span>
    </p>

    <p class='ocr_par' dir='ltr' id='par_1_18' title="bbox 102 4453 1405 4712">
     <span class='ocr_line' id='line_1_37' title="bbox 102 4453 1405 4516; baseline -0.002 -12"><span class='ocrx_word' id='word_1_278' title='bbox 102 4474 130 4504; x_wconf 80' lang='lat' dir='ltr'><strong>ac</strong></span> <span class='ocrx_word' id='word_1_279' title='bbox 148 4457 306 4504; x_wconf 79' lang='lat' dir='ltr'><strong>mathematici</strong></span> <span class='ocrx_word' id='word_1_280' title='bbox 325 4456 474 4510; x_wconf 84' lang='lat' dir='ltr'><strong>celeberrimi,</strong></span> <span class='ocrx_word' id='word_1_281' title='bbox 493 4457 611 4503; x_wconf 76' lang='lat' dir='ltr'><strong>carterius</strong></span> <span class='ocrx_word' id='word_1_282' title='bbox 629 4471 680 4516; x_wconf 84' lang='lat' dir='ltr'><strong>cap.</strong></span> <span class='ocrx_word' id='word_1_283' title='bbox 698 4454 735 4502; x_wconf 79' lang='lat'><strong>2⁰.</strong></span> <span class='ocrx_word' id='word_1_284' title='bbox 772 4454 843 4500; x_wconf 81' lang='lat' dir='ltr'><strong>tionis</strong></span> <span class='ocrx_word' id='word_1_285' title='bbox 861 4453 956 4501; x_wconf 77' lang='lat' dir='ltr'><strong>luminis</strong></span> <span class='ocrx_word' id='word_1_286' title='bbox 974 4468 1023 4499; x_wconf 85' lang='lat' dir='ltr'><strong>rem</strong></span> <span class='ocrx_word' id='word_1_287' title='bbox 1044 4463 1116 4500; x_wconf 84' lang='lat' dir='ltr'><strong>totam</strong></span> <span class='ocrx_word' id='word_1_288' title='bbox 1134 4453 1240 4514; x_wconf 84' lang='lat' dir='ltr'><strong>explieat,</strong></span> <span class='ocrx_word' id='word_1_289' title='bbox 1259 4464 1283 4502; x_wconf 85' lang='lat' dir='ltr'><strong>et</strong></span> <span class='ocrx_word' id='word_1_290' title='bbox 1299 4455 1405 4505; x_wconf 79' lang='lat' dir='ltr'><strong>Joannee</strong></span> 
     </span>
     <span class='ocr_line' id='line_1_38' title="bbox 102 4517 1404 4583; baseline -0.003 -16"><span class='ocrx_word' id='word_1_291' title='bbox 102 4522 227 4581; x_wconf 84' lang='lat' dir='ltr'><strong>dioptriees</strong></span> <span class='ocrx_word' id='word_1_292' title='bbox 246 4537 288 4582; x_wconf 88' lang='lat' dir='ltr'><strong>per</strong></span> <span class='ocrx_word' id='word_1_293' title='bbox 304 4522 369 4582; x_wconf 73' lang='lat' dir='ltr'><strong>leges</strong></span> <span class='ocrx_word' id='word_1_294' title='bbox 388 4521 508 4582; x_wconf 80' lang='lat' dir='ltr'><strong>generales</strong></span> <span class='ocrx_word' id='word_1_295' title='bbox 524 4520 737 4582; x_wconf 82' lang='lat' dir='ltr'><strong>resolutionemque</strong></span> <span class='ocrx_word' id='word_1_296' title='bbox 772 4517 924 4565; x_wconf 81' lang='lat' dir='ltr'><strong>Bemoullius</strong></span> <span class='ocrx_word' id='word_1_297' title='bbox 934 4518 958 4564; x_wconf 91' lang='lat' dir='ltr'><strong>in</strong></span> <span class='ocrx_word' id='word_1_298' title='bbox 972 4518 1040 4564; x_wconf 84' lang='lat' dir='ltr'><strong>Actis</strong></span> <span class='ocrx_word' id='word_1_299' title='bbox 1051 4517 1117 4577; x_wconf 81' lang='lat' dir='ltr'><strong>Lips.</strong></span> <span class='ocrx_word' id='word_1_300' title='bbox 1131 4532 1169 4563; x_wconf 77' lang='lat' dir='ltr'><strong>en.</strong></span> <span class='ocrx_word' id='word_1_301' title='bbox 1185 4523 1254 4566; x_wconf 79' lang='lat'>1701.</span> <span class='ocrx_word' id='word_1_302' title='bbox 1273 4535 1302 4566; x_wconf 82' lang='lat' dir='ltr'><strong>er</strong></span> <span class='ocrx_word' id='word_1_303' title='bbox 1313 4520 1404 4583; x_wconf 65' lang='lat' dir='ltr'><strong>aquili.</strong></span> 
     </span>
     <span class='ocr_line' id='line_1_39' title="bbox 102 4580 1355 4645; baseline 0.001 -13"><span class='ocrx_word' id='word_1_304' title='bbox 102 4595 221 4641; x_wconf 85' lang='lat' dir='ltr'><strong>motuum,</strong></span> <span class='ocrx_word' id='word_1_305' title='bbox 234 4599 259 4633; x_wconf 86' lang='lat' dir='ltr'><strong>ot</strong></span> <span class='ocrx_word' id='word_1_306' title='bbox 269 4585 423 4645; x_wconf 70' lang='lat' dir='ltr'><strong>supponendo</strong></span> <span class='ocrx_word' id='word_1_307' title='bbox 439 4583 523 4630; x_wconf 87' lang='lat' dir='ltr'><strong>lumini</strong></span> <span class='ocrx_word' id='word_1_308' title='bbox 538 4585 653 4630; x_wconf 83' lang='lat' dir='ltr'><strong>minorem</strong></span> <span class='ocrx_word' id='word_1_309' title='bbox 669 4583 737 4630; x_wconf 78' lang='lat' dir='ltr'><strong>resia·</strong></span> <span class='ocrx_word' id='word_1_310' title='bbox 769 4581 814 4629; x_wconf 88' lang='lat' dir='ltr'><strong>brii</strong></span> <span class='ocrx_word' id='word_1_311' title='bbox 824 4581 979 4630; x_wconf 77' lang='lat' dir='ltr'><strong>fundamento</strong></span> <span class='ocrx_word' id='word_1_312' title='bbox 990 4596 1043 4628; x_wconf 86' lang='lat' dir='ltr'><strong>cam</strong></span> <span class='ocrx_word' id='word_1_313' title='bbox 1054 4580 1238 4645; x_wconf 70' lang='lat' dir='ltr'><strong>ingeniosissimi</strong></span> <span class='ocrx_word' id='word_1_314' title='bbox 1249 4582 1355 4637; x_wconf 80' lang='lat' dir='ltr'><strong>deduxit.</strong></span> 
     </span>
     <span class='ocr_line' id='line_1_40' title="bbox 102 4647 737 4712; baseline -0.011 -13"><span class='ocrx_word' id='word_1_315' title='bbox 102 4649 200 4699; x_wconf 77' lang='lat' dir='ltr'><strong>tentiam</strong></span> <span class='ocrx_word' id='word_1_316' title='bbox 212 4652 237 4698; x_wconf 90' lang='lat' dir='ltr'><strong>iu</strong></span> <span class='ocrx_word' id='word_1_317' title='bbox 254 4650 400 4697; x_wconf 82' lang='lat' dir='ltr'><strong>densioribus</strong></span> <span class='ocrx_word' id='word_1_318' title='bbox 418 4663 489 4712; x_wconf 84' lang='lat' dir='ltr'><strong>quarn</strong></span> <span class='ocrx_word' id='word_1_319' title='bbox 505 4647 531 4694; x_wconf 88' lang='lat' dir='ltr'><strong>in</strong></span> <span class='ocrx_word' id='word_1_320' title='bbox 546 4649 673 4697; x_wconf 80' lang='lat' dir='ltr'><strong>rarioribus</strong></span> <span class='ocrx_word' id='word_1_321' title='bbox 687 4663 737 4693; x_wconf 89' lang='lat' dir='ltr'><strong>me-</strong></span> 
     </span>
    </p>
   </div>
   <div class='ocr_carea' id='block_1_10' title="bbox 706 4727 787 4781">
    <p class='ocr_par' dir='ltr' id='par_1_19' title="bbox 706 4727 787 4781">
     <span class='ocr_line' id='line_1_41' title="bbox 706 4727 787 4781; baseline -0.037 -1"><span class='ocrx_word' id='word_1_322' title='bbox 706 4727 787 4781; x_wconf 75' lang='lat' dir='ltr'><strong>ude</strong></span> 
     </span>
    </p>
   </div>
   <div class='ocr_carea' id='block_1_11' title="bbox 0 0 1554 5534">
    <p class='ocr_par' dir='ltr' id='par_1_20' title="bbox 0 0 1554 5534">
     <span class='ocr_line' id='line_1_42' title="bbox 0 0 1554 5534; baseline 0 6"><span class='ocrx_word' id='word_1_323' title='bbox 0 0 1554 5534; x_wconf 95' lang='lat' dir='ltr'><strong> </strong></span> 
     </span>
    </p>
   </div>
  </div>
 </body>
</html>
