3098 5534
80 391 192 457 Lrsnn
210 389 375 467 Sucuun.]
407 385 649 451 PRINCIPIA
672 380 1043 449 MATHEMATICA.
1304 387 1365 444 183

77 559 306 648 propemodum
320 571 462 644 aequetur
476 559 574 642 ipsius
588 558 771 622 resistentie
786 557 860 633 toti3
884 556 1018 640 idedque
1037 565 1142 639 partes
1161 551 1223 616 ille
1238 565 1312 616 sunt
1333 563 1368 616 ut

79 677 152 744 818,
172 675 232 730 136
248 677 279 729 et
294 672 411 739 tunsi
428 661 674 749 quamproximi,
691 662 794 739 idest,
819 676 854 726 ut
870 668 888 729 7
905 674 937 725 et
954 670 983 723 l.
1028 661 1109 724 Sunt
1130 671 1234 723 autem
1256 657 1367 744 globo-

78 798 148 840 rum
163 775 306 838 diametri
324 779 383 856 18ξ
399 786 431 836 et
445 779 502 855 ⁶i³
524 785 557 836 et
577 772 689 834 harum
711 770 863 856 quadrata
878 769 980 850 3⁵lt⁹s
995 781 1026 832 et
1040 769 1124 848 tri}
1138 781 1212 831 sunt
1221 780 1256 830 ut
1272 773 1365 845 'heiti

78 892 154 958 etl,
179 882 293 956 idest,
319 892 354 942 ut
374 879 542 965 globorum
563 878 746 942 resistentie
768 886 786 944 7
810 890 842 942 et
857 886 872 960 l
890 873 1136 960 quamproxime.
1180 873 1367 938 Differ-entia

78 993 234 1055 rationum
249 989 334 1053 haud
349 990 448 1072 major
462 1002 518 1064 est,
535 1010 628 1074 quum
643 1009 715 1072 quae
728 1008 769 1050 ex
783 986 829 1049 fili
843 984 1015 1049 resistentie
1031 984 1106 1046 oriri
1120 983 1232 1066 potuit.
1265 982 1367 1068 Igitur

30 1083 33 1088 Ι
77 1102 321 1166 resistentiarum
340 1111 445 1184 partes
467 1098 530 1160 illae
553 1119 623 1184 quae
644 1109 726 1172 eunt,
751 1096 879 1180 paribus
894 1093 1005 1179 globis,
1031 1104 1067 1155 ut
1081 1090 1232 1177 quadrata
1250 1092 1367 1155 veloci-

78 1222 186 1287 tatum‚
213 1221 287 1273 sunt
299 1209 406 1284 etiarn,
428 1206 556 1291 peribus
570 1204 795 1281 velocitatibus,
820 1213 862 1267 ut'
877 1201 1030 1287 quadrata
1050 1199 1274 1265 diametrorum
1296 1198 1365 1286 glo·

79 1320 203 1384 borum.
819 1296 822 1306 ’
1192 1328 1202 1359 t

123 1428 279 1490 Caeterum
290 1425 467 1512 globorum,
484 1423 597 1508 quibus
608 1444 683 1486 usus
697 1442 768 1484 sum
782 1420 815 1483 in
830 1419 878 1483 his
893 1419 1122 1502 experimentis,
1137 1419 1292 1482 maximus
1301 1438 1366 1480 non

78 1547 144 1599 emt
157 1532 293 1619 perfecti
308 1532 489 1615 sphaericus,
512 1542 544 1594 et
563 1541 730 1614 propterea
744 1529 776 1590 in
792 1525 911 1590 calculo
926 1525 978 1588 hic
992 1527 1085 1589 allato
1106 1525 1252 1589 minutias
1275 1546 1378 1609 quas-

77 1644 151 1707 darn
176 1640 333 1705 brevitatis
359 1638 458 1725 gratii
485 1636 627 1723 neglexi3
651 1636 692 1700 de
714 1634 833 1699 calculo
854 1645 999 1697 accurato
1020 1633 1051 1695 in
1072 1632 1286 1715 experimento
1301 1653 1366 1695 non

79 1754 152 1818 satis
174 1765 319 1816 accurato
340 1750 468 1814 minimi
491 1749 651 1814 sollicitus.
681 1748 842 1833 Optarim
862 1747 976 1832 itaque,
1002 1749 1041 1830 (Β)
1057 1743 1129 1809 crim
1144 1745 1367 1811 demonstratio

108 1923 142 1987 (Ι)
152 1929 204 1970 187.
215 1927 228 1955 ’
238 1923 297 1972 clm
305 1925 546 1979 demonstratiooacai,
556 1923 598 1969 hc.
619 1921 706 1970 Utrum
738 1935 823 1982 corpus
833 1935 903 1985 gram
913 1920 967 1968 dati
977 1919 1092 1968 celeritate
1102 1919 1244 1967 movendum
1255 1915 1375 1966 sdhsssem'

80 1987 208 2034 τεείεωηῑὶι
222 2001 292 2049 quam
304 1987 328 2032 iu
338 1987 407 2033 motis
423 1987 556 2047 corporibus
566 1987 706 2047 experimur,
738 1985 776 2040 da,
784 1985 929 2032 decrescente
937 1985 1038 2045 cor-poris
1045 1984 1117 2046 hujus
1124 1985 1241 2046 gravitate,
1250 1983 1274 2028 in
1283 1981 1366 2029 eidem

83 2061 131 2098 tota
149 2051 222 2098 sitin
240 2066 321 2098 eorum
337 2050 431 2097 externi
449 2051 579 2109 superficie,
602 2065 632 2096 sn
654 2047 708 2096 rerd
740 2040 963 2104 rationedecresc'at,
984 2048 1095 2109 nullaque
1108 2048 1138 2094 sit
1156 2047 1247 2093 emeris
1256 2047 1364 2108 gravitas,

80 2125 157 2176 partes
167 2115 236 2162 etiam
247 2114 344 2162 interno
353 2115 378 2159 in
389 2113 554 2173 superficiebus
564 2113 662 2174 propriis
671 2128 707 2159 re·
740 2127 883 2174 consequens
898 2127 947 2159 esse
957 2113 1024 2159 aiunt
1034 2123 1061 2158 ut
1071 2126 1155 2172 corpus
1172 2125 1242 2173 grave
1261 2108 1325 2170 quod
1340 2109 1365 2156 in

78 2177 206 2225 sistentiam
222 2178 346 2225 notabilem
358 2177 466 2233 sentiant,
483 2178 647 2236 experimentis
658 2177 710 2238 glo-
741 2171 893 2231 setheredatd
903 2174 1018 2222 celeritate
1034 2175 1114 2228 fertur,
1134 2174 1226 2220 nonnisi
1242 2171 1365 2219 intinitesi-

79 2245 164 2289 borum
174 2242 199 2288 in
211 2241 288 2288 medio
303 2241 421 2288 resistente
437 2241 592 2287 oscillantium
609 2241 707 2287 inveniri
738 2254 801 2287 mam
819 2240 896 2286 motira
912 2238 951 2286 ‘sui
970 2249 1058 2298 partem
1076 2253 1105 2286 ex
1124 2237 1252 2284 resistentia
1273 2236 1364 2283 etheris

78 2315 163 2366 potest.
188 2306 251 2352 Nam
260 2306 286 2358 si,
294 2305 394 2364 exempli
403 2304 481 2360 caus&
488 2304 610 2367 globorum
619 2303 707 2351 indato
739 2301 806 2350 tinito
815 2304 897 2365 quovis
906 2312 1010 2363 tempore
1020 2301 1135 2362 deperdat.
1172 2298 1262 2348 Verum
1272 2309 1365 2361 praeter·

79 2368 157 2416 medio
168 2370 261 2429 paribus
272 2368 430 2414 velocitatihus
440 2379 557 2414 motorum
573 2367 706 2415 resistentia
737 2381 807 2428 quam
826 2366 889 2428 quod
908 2375 983 2413 toturn
1001 2367 1045 2412 hoc
1057 2374 1162 2428 systema,
1182 2374 1210 2410 ut
1228 2363 1322 2426 elegans
1337 2379 1365 2410 ac

79 2448 169 2492 semper
180 2443 256 2479 essent
266 2434 289 2478 in
301 2430 420 2492 duplicati
430 2432 596 2478 diametrorum
607 2432 704 2488 ratione,
737 2441 869 2486 venustum,
886 2430 947 2477 lictis
957 2429 1005 2476 lere
1015 2429 1044 2475 ad
1055 2429 1175 2476 arbitrium
1191 2428 1363 2488 hypothesibus,

79 2496 288 2544 insemihilissoret
299 2497 324 2542 in
335 2496 437 2555 partihus
452 2496 550 2542 internis
564 2496 705 2553 resistentia3
737 2508 796 2556 quas
814 2496 942 2542 Nswtonus
959 2508 974 2540 s
989 2492 1083 2552 physici
1099 2490 1276 2552 experimentali
1294 2490 1365 2538 vellet

79 2574 134 2606 curn
145 2561 208 2606 enim
219 2560 347 2607 resistentis
357 2560 397 2607 illa
408 2558 519 2605 internas
527 2574 631 2612 numero.
639 2573 705 2620 mag-
738 2557 858 2613 eliminari,
870 2557 958 2612 nititur,
970 2556 1120 2618 plurimisque
1128 2564 1151 2601 et
1161 2554 1301 2617 gravissimis
1311 2553 1362 2601 aliis

79 2622 194 2680 nitudioe,
205 2623 281 2686 figuris
297 2634 320 2670 et
337 2623 429 2671 testord
444 2624 587 2669 interuanrm
604 2623 706 2682 partium
738 2635 766 2667 sx
783 2622 917 2669 mechanica
937 2630 1006 2682 atque
1027 2616 1168 2665 astronomid
1188 2617 1363 2665 difficultatibus

80 2687 197 2747 penderet,
218 2702 266 2734 non
282 2696 359 2748 posset
374 2686 455 2735 eadem
471 2695 602 2734 commutet
612 2700 706 2732 manere
738 2687 858 2745 premitur,
875 2684 1003 2731 adductum
1014 2681 1085 2730 modd
1101 2697 1236 2742 responsum
1247 2683 1283 2727 his
1293 2681 1363 2728 etiam

83 2751 108 2796 in
120 2750 195 2812 globis
204 2751 332 2813 equalibus
342 2759 365 2797 et
375 2750 540 2812 heterogeneis,
552 2750 637 2812 ligneis
646 2765 666 2794 r.
679 2766 703 2812 g.
738 2750 827 2796 laborat
836 2747 995 2795 incommodis.
1034 2746 1140 2793 Primum
1156 2746 1250 2808 quidem
1269 2745 1364 2792 euidens

83 2823 108 2862 et
119 2816 239 2874 plumbeis.
256 2815 333 2861 necin
346 2814 421 2876 globis
432 2813 585 2876 inequalibus
600 2825 706 2861 externa·
737 2824 780 2870 est,
797 2814 844 2860 rim
860 2812 923 2859 illam
936 2827 988 2872 quae
999 2809 1029 2857 ad
1046 2825 1129 2870 corpus
1139 2822 1209 2871 grase
1219 2807 1299 2855 contri
1309 2824 1363 2872 gra-

81 2892 135 2924 rum
147 2878 326 2938 superficiemm,
345 2877 385 2924 sed
400 2876 478 2937 potiris
493 2876 620 2924 solidorum
636 2877 705 2923 ratio·
737 2876 813 2924 sitatis
830 2876 978 2923 directionem
996 2873 1157 2920 sustinendum
1175 2872 1301 2920 necessaria
1319 2882 1361 2928 est,

81 2956 136 2988 nem
160 2951 301 3003 sequeretur.
346 2940 419 2989 Porrd
440 2942 596 3001 superioribus
616 2940 706 3001 experi-
737 2955 793 2987 eum
810 2940 912 3000 corporis
930 2937 1031 2998 pondere
1049 2937 1179 2984 decrescere
1199 2937 1299 2994 debere;
1321 2936 1360 2984 aed

22 3012 23 3017 ’
80 3006 166 3052 mentis
177 3008 227 3068 jam
244 3009 365 3066 probatum
379 3006 448 3052 estin
459 3004 610 3051 velocioribus
626 3005 706 3066 globo-
738 3019 786 3051 nou
797 3003 829 3050 iti
841 3002 989 3049 manifestum
1001 3012 1036 3048 est
1046 3001 1092 3046 vim
1109 3002 1227 3046 auctricem
1239 3000 1362 3046 addetum

80 3083 134 3115 rum
145 3070 254 3125 motibus,
266 3070 404 3116 resistentiss
414 3068 530 3131 quadratis
541 3067 706 3115 diametrorum
738 3082 821 3128 corpus
832 3081 901 3130 grave
911 3065 964 3113 dau
974 3064 1089 3112 celeritate
1099 3065 1240 3111 mouendum
1251 3063 1360 3111 adhihen-

81 3133 391 3194 proportionalesessequsm
400 3133 510 3193 proxime,
517 3131 704 3179 concludendum
738 3132 800 3188 dam,
812 3132 837 3177 iu
848 3131 935 3177 ratione
947 3130 1053 3188 ponderis
1063 3128 1192 3174 decrescere
1201 3138 1312 3186 oportere,
1320 3127 1361 3173 ubi

80 3196 197 3258 igiturest
208 3196 296 3242 nullam
308 3212 357 3242 esse
369 3196 492 3244 notabilem
505 3195 703 3255 inpartibustor·
736 3195 771 3241 ris
788 3195 852 3241 illius
869 3193 971 3240 metricis
990 3191 1086 3239 directio
1104 3191 1221 3253 gravitatis
1241 3190 1361 3237 directioni

80 3275 165 3320 porum
172 3261 267 3307 internis
273 3261 431 3316 resistentium,
441 3259 504 3321 quod
512 3268 590 3306 tamen
596 3259 705 3319 deinceps
737 3259 842 3319 opposita
852 3273 900 3305 nou
911 3266 951 3309 eat.
963 3255 1004 3303 sed
1015 3256 1049 3302 illi
1058 3254 1252 3315 perpendicularis
1258 3264 1299 3301 aut
1307 3270 1361 3301 cum

80 3323 187 3384 pluribus
202 3324 253 3370 aliis
268 3323 411 3386 argumentis
426 3323 592 3370 demonstrabit
610 3322 704 3370 Newto-
736 3321 927 3382 illdcouspirsus.
953 3317 1170 3367 l’ratereamateris
1180 3320 1255 3364 omnis
1264 3319 1362 3364 aetherea

80 3402 134 3434 nus.
164 3388 253 3434 Verum
264 3389 282 3434 si
293 3387 398 3433 medium
408 3386 525 3449 quoddam
535 3387 661 3434 ethereum
670 3385 706 3434 rel
739 3387 802 3434 circa
810 3387 897 3440 Solem,
908 3383 991 3437 stelias,
1003 3394 1072 3445 atque
1082 3385 1185 3442 planetas
1195 3382 1300 3444 singulos
1310 3396 1360 3440 pcr-

80 3451 152 3513 louge
168 3451 344 3498 subtilissimum
360 3465 441 3497 omues
458 3449 565 3497 omnium
583 3464 706 3510 corporum
737 3450 854 3497 dirissimo
862 3460 928 3495 motu
938 3448 963 3493 in
974 3450 1053 3494 orbem
1064 3444 1362 3507 artavicentritugdpoilet

82 3530 151 3576 poros
169 3525 193 3562 et
210 3525 300 3561 meatus
316 3515 421 3574 repleret,
444 3524 536 3574 propter
553 3513 624 3560 medii
643 3513 706 3560 illius
737 3513 784 3576 qui
794 3529 808 3559 a
818 3512 902 3560 centris
912 3525 1051 3573 magnorum
1059 3511 1180 3563 vorticum,
1192 3521 1261 3570 atque
1270 3509 1364 3557 etiams

81 3579 175 3626 etherei
186 3593 301 3625 summam
310 3578 445 3624 densitatem
452 3577 706 3638 atqueinertiamomui
738 3578 822 3624 ceutria
839 3575 986 3638 singulorum
1005 3574 1170 3622 resticulorum
1187 3572 1284 3632 propriis
1299 3587 1361 3620 reca-

81 3643 184 3690 materire
194 3644 317 3703 propriam,
329 3652 404 3702 partes
416 3642 512 3688 interne
527 3655 650 3700 corporum
665 3654 708 3701 par
738 3640 793 3687 dere
804 3640 893 3696 nititur,
909 3638 973 3686 unde
982 3649 1118 3685 ceterorum
1129 3651 1253 3697 corporum
1263 3636 1363 3698 gravitas

82 3722 193 3768 magnam
209 3706 361 3754 resistentiam
376 3705 493 3752 sentirent.
530 3704 614 3767 Atqui
627 3704 707 3752 Carta-
739 3706 910 3759 ortumhabet;
930 3701 1049 3749 atrisilla
1059 3700 1252 3762 centrii'ugaqura
1268 3715 1324 3747 cum
1340 3699 1363 3746 ri

83 3771 176 3818 sisuum
187 3769 269 3816 mundi
281 3769 342 3829 pleni
353 3782 452 3829 systema
468 3767 622 3815 emendarunt
632 3768 707 3814 noris-
739 3766 866 3828 centrIpetd
883 3783 924 3813 seu
946 3766 1057 3828 genuitate
1077 3763 1177 3811 mutari
1198 3773 1280 3823 potest,
1299 3763 1364 3810 idem

83 3850 129 3897 que
140 3834 238 3880 inventis
248 3846 361 3880 ornarunt
368 3831 515 3880 eruditissimi
522 3831 708 3894 sagacissimlque
739 3842 846 3893 praestare
857 3832 886 3886 in,
892 3831 977 3877 rathere
987 3829 1056 3876 dehet
1069 3827 1159 3876 ratium
1176 3828 1254 3875 motis
1269 3830 1295 3874 iu
1309 3825 1365 3874 dett

83 3899 248 3954 mathematici,
271 3898 296 3952 ii,
321 3897 445 3956 repudiatis
472 3897 585 3943 veteribus
607 3895 707 3957 effugiis,
740 3896 843 3944 materie
861 3895 988 3955 quantitate
998 3891 1052 3941 dut
1062 3893 1084 3938 ri
1095 3891 1191 3940 motrioe
1206 3890 1378 3952 imprimendi..

84 3963 170 4026 quibus
182 3961 368 4009 Cartesiunorum
386 3961 471 4022 vulgus
481 3960 561 4013 utitur,
579 3975 607 4007 ea
619 3959 708 4006 subtili·
741 3959 805 4023 quod
825 3959 851 4005 iu
872 3959 960 4005 uteris
982 3957 1116 4018 corporibus
1138 3957 1239 4018 gravitas
1262 3964 1362 4016 prestat.

84 4035 131 4073 tate
150 4041 176 4072 ac
195 4026 322 4072 mobilitate
344 4025 435 4070 autoris
452 4035 476 4070 et
495 4038 603 4084 poromm
624 4023 709 4085 quibua
743 4023 817 4071 Nulla
827 4022 899 4084 igitur
908 4037 958 4069 esse
967 4023 1027 4069 ratio
1036 4022 1128 4068 vidam
1137 4035 1180 4067 cur
1195 4034 1280 4080 corpus
1294 4033 1365 4080 grave

85 4105 181 4149 corpora
191 4090 270 4136 omnia
281 4100 373 4149 pertusa
389 4099 444 4134 sunt
459 4088 607 4147 dispositione
623 4087 708 4147 petitis,
741 4086 797 4134 dati
806 4086 922 4133 celeritate
932 4096 1023 4133 motum
1031 4084 1125 4133 muniti
1132 4083 1304 4132 ininitesimam
1315 4096 1365 4129 suas

85 4156 130 4200 hoc
141 4169 215 4199 unum
227 4168 362 4213 responsum
374 4153 501 4211 proferunt,
521 4154 643 4198 aetherearn
659 4165 709 4199 rua.
741 4151 863 4199 celeritatis
880 4149 1019 4210 particulam
1033 4163 1063 4196 ex
1079 4148 1169 4198 atheus
1179 4163 1228 4194 non
1242 4147 1319 4209 gravis
1329 4160 1367 4193 re-

85 4218 166 4264 terinm
182 4232 303 4276 corporum
320 4218 426 4277 gravium
445 4215 547 4261 motibus
561 4215 657 4260 minime
673 4231 708 4261 re-
741 4214 845 4262 sistentiri
864 4214 960 4269 amittat,
983 4213 1097 4275 siqmdem
1115 4211 1175 4260 illud
1192 4212 1216 4258 ri
1235 4208 1369 4272 centrisugd

86 4281 172 4337 sistere,
183 4282 246 4342 quod
257 4281 287 4326 sit
297 4279 361 4325 omni
377 4279 488 4341 gravitate
504 4278 619 4325 destituta.
656 4279 710 4326 Du·
742 4279 829 4341 pollet;
848 4287 880 4335 et,
899 4277 920 4324 si
934 4278 1031 4324 materis
1040 4279 1139 4324 astherea
1148 4275 1192 4323 sud
1202 4274 1225 4322 ri
1234 4273 1367 4337 centrifugi

87 4344 153 4406 plicis
172 4347 249 4406 itaque
267 4344 358 4405 generis
376 4345 495 4389 materiam
506 4345 531 4388 in
542 4343 649 4389 universo
664 4341 710 4389 dis·
743 4343 780 4389 rel
790 4341 852 4390 certi
862 4342 885 4388 ri
898 4341 954 4388 iadd
964 4339 1015 4389 orti
1025 4355 1148 4402 corporum
1164 4339 1298 4402 gravitatem
1314 4353 1368 4398 pru·

86 4410 207 4472 tinguunt,
227 4421 321 4468 gravem
338 4406 432 4453 alteram
443 4408 511 4469 cujus
521 4416 596 4466 partes
606 4406 631 4451 iu
641 4409 712 4454 torti·
744 4406 821 4463 ducat,
844 4420 970 4467 eorumque
991 4415 1082 4452 motum
1103 4404 1197 4452 linitum
1215 4402 1326 4450 acceleret
1344 4411 1368 4449 at

86 4472 153 4519 culos
174 4471 253 4518 divisse
275 4485 323 4515 non
342 4480 403 4523 sunt,
426 4470 521 4517 alterum
541 4484 588 4515 nou
610 4482 712 4531 gmrem,
744 4471 868 4533 extinguat
884 4469 951 4516 finito
970 4480 1082 4529 tempore,
1101 4466 1178 4516 muitd
1193 4467 1268 4530 magis
1286 4465 1368 4514 eadem

86 4536 163 4582 omnis
174 4545 252 4580 tamen
263 4533 382 4595 gravitatis
393 4548 492 4588 causam,
509 4534 577 4595 cujus
592 4545 669 4592 partes
684 4550 712 4582 ex
745 4535 841 4582 materia
857 4548 941 4592 corpus
958 4547 1028 4595 grave
1043 4548 1142 4586 morare.
1160 4541 1303 4581 autmotum
1317 4531 1369 4593 ejus

87 4599 228 4646 tenuissimis
240 4598 354 4642 venonam
366 4598 475 4643 ordinum
487 4597 604 4643 verticulis
617 4599 715 4645 eleaticis
747 4599 814 4645 sinito
821 4599 1065 4659 temporaextinguare
1072 4594 1370 4654 debetsihnitirelocitate

86 4674 200 4710 consuet.
238 4661 301 4711 Cirm
323 4671 401 4708 autem
423 4663 457 4708 ris
477 4661 561 4709 mouit
583 4661 613 4710 sd
633 4661 715 4712 datum
748 4659 1200 4726 luilludincurrataccout'mudurgest,
1212 4660 1372 4711 mattiscen-

698 4749 754 4798 Ma
