3074 5520
120 315 193 436 ¹212
439 363 783 437 rnrnosorffln:
806 362 1091 471 sarnatus
1161 365 1415 445 [saonem

128 537 259 602 materia
273 534 398 601 vorticis
414 557 453 599 eo
466 533 593 598 fluidior
608 532 648 597 sit
662 554 726 618 quo
739 529 863 618 longius
877 531 974 597 distat
994 555 1015 596 a
1031 544 1163 610 centro,
1190 533 1242 597 rei
1258 536 1415 616 resistentia,

128 667 200 731 quae
214 644 314 708 oritur
328 665 369 708 ex
383 640 507 706 defectu
520 639 705 704 lubricitatis
719 637 856 722 partium
871 638 971 716 fluidi
999 661 1045 704 ex
1069 639 1170 704 sueth
1195 641 1354 707 velocitate
1370 648 1414 731 qui

128 766 233 838 partes
249 750 336 815 fluidi
351 761 535 835 separantur
544 748 589 849 ab
604 746 747 824 invicem,
768 759 918 834 augeatur
938 748 974 812 in
995 749 1124 834 majore
1149 749 1279 814 ratione
1292 751 1373 838 quin
1386 778 1414 818 ea

128 871 177 923 est
190 859 223 920 in
238 855 299 942 qui
315 855 460 921 velocitas
475 865 617 942 augetur.
663 852 810 930 Quorum
831 864 936 918 tamen
957 866 1116 918 neutrum
1140 856 1265 919 rationi
1278 874 1410 922 sonmo·

128 985 224 1028 neum
237 962 369 1027 videtur.
415 961 523 1026 Partes
538 959 706 1024 messiones
720 972 754 1025 et
766 960 869 1024 minus
883 960 1002 1039 iiuidae,
1024 960 1092 1024 nisi
1107 984 1231 1050 graves
1247 965 1348 1029 sintin
1360 990 1410 1031 ma

129 1079 222 1146 trum,
240 1067 273 1152 (¹)
289 1065 567 1131 circumferentiam
580 1076 706 1151 peteut;
730 1079 764 1132 et
783 1066 948 1132 verisimile
963 1078 1012 1131 est
1028 1069 1134 1154 qnod,
1161 1071 1291 1136 etiamsi
1309 1073 1405 1139 denua-

129 1175 312 1241 strationurn
326 1174 426 1261 gratiis
440 1173 630 1261 hypothesin
644 1173 738 1239 talem
752 1175 842 1239 initio
858 1175 1011 1240 Sectionis
1028 1175 1132 1262 hujus
1148 1183 1403 1264 proposuerim

129 1285 304 1351 resistentia·
316 1286 471 1350 velocitati
491 1264 734 1371 proportionalis
755 1295 845 1360 esset,
874 1281 912 1367 (ι)
928 1295 1036 1354 tamen
1061 1287 1253 1352 resistentia
1274 1290 1305 1353 in
1324 1293 1405 1355 minari

128 1391 169 1455 sit
182 1392 302 1454 ratione
318 1388 411 1476 quiam
425 1414 463 1455 ea
477 1390 648 1455 velocitatis
663 1402 720 1454 est.
764 1388 798 1474 (¹)
815 1388 890 1465 Quo
911 1410 1075 1468 concesso,
1100 1403 1262 1478 tempora
1282 1396 1404 1481 perindin

127 1499 264 1583 partium
278 1498 404 1563 vorticis
416 1510 508 1562 erunt
521 1499 555 1561 in
568 1497 683 1583 majori·
701 1495 796 1584 quim
817 1494 973 1582 duplicati
994 1497 1126 1563 ratione
1152 1500 1364 1568 distantiarum
1378 1508 1404 1569 si

127 1608 223 1693 ipsius
245 1620 363 1671 centro.
408 1606 505 1682 Quod
527 1606 553 1669 si
574 1606 707 1670 vortices
730 1604 790 1690 (uti
810 1603 988 1691 aliquorum
1002 1618 1055 1672 est
1069 1610 1205 1693 opinio)
1222 1613 1347 1678 celerius
1358 1636 1402 1679 nt·

126 1729 258 1780 reantur
272 1739 371 1801 prope
385 1729 537 1793 centrum,
553 1715 627 1779 dein
641 1712 760 1778 tardius
775 1712 928 1799 usquead
941 1726 1069 1778 certum
1080 1715 1235 1797 limitem,
1250 1734 1316 1784 turn
1328 1723 1402 1785 denar

127 1823 257 1889 celerius
279 1827 372 1910 juxta
397 1823 693 1899 circumferentiam
718 1834 803 1887 certo
816 1843 874 1887 nec
888 1823 969 1887 ratio
989 1826 1231 1911 sesquiplicata
1255 1853 1348 1917 neque
1362 1832 1403 1894 slis

126 1932 243 2018 quaevis
257 1947 343 1996 certa
355 1955 393 1997 ac
407 1933 612 1998 determinata
622 1933 761 1998 obtinere
775 1942 888 2019 potest.
932 1933 980 2017 (³)
997 1933 1160 2029 liiderint
1172 1938 1282 2027 itaque
1294 1941 1402 2026 phium

125 2039 183 2123 phi
197 2061 260 2126 quo
273 2053 368 2124 pacto
388 2040 620 2126 phaenomenon
640 2037 719 2103 illud
740 2036 868 2102 rationis
890 2039 1130 2126 sesquiplicatoe
1145 2065 1211 2130 per
1225 2047 1350 2112 vortices
1364 2070 1401 2112 es·

125 2147 234 2231 plicari
247 2148 354 2232 possit

157 2318 190 2384 (¹)
201 2324 216 2354 ’
230 2324 444 2388 (irmmferrntiam
452 2332 536 2387 mart.
567 2323 598 2372 Id
609 2319 749 2384 experientffi
782 2318 871 2369 veum
882 2334 925 2382 per
934 2317 1034 2369 alteram
1050 2322 1209 2388 analogiam,
1227 2342 1330 2376 aream
1339 2328 1399 2375 eiua

124 2394 229 2444 cannam
249 2401 303 2433 nam
314 2388 334 2433 si
344 2401 404 2448 aqua
414 2389 440 2434 iu
456 2403 509 2434 vase
524 2398 633 2435 contenta
643 2387 667 2432 in
679 2385 750 2434 vorti·
780 2394 804 2431 et
814 2395 955 2444 temporum,
972 2384 1114 2435 velocitates
1126 2391 1242 2450 partium
1254 2395 1398 2440 soniario·

124 2461 174 2495 earn
183 2460 272 2512 agatur,
284 2449 357 2510 paleas
364 2450 584 2512 etaiiacorpuscuIa
591 2448 670 2497 minbs
677 2447 749 2495 fluida
780 2446 834 2494 laris
844 2456 899 2494 sunt
909 2447 933 2493 in
946 2448 1036 2495 ratione
1047 2449 1160 2511 simpiici
1174 2451 1398 2502 mmmmm

125 2521 209 2572 petunt
218 2513 435 2561 circumferentiam.
780 2509 907 2570 reciproci.
942 2511 1006 2558 Nam
1023 2511 1045 2557 ai
1061 2512 1168 2573 planeta
1183 2516 1214 2574 Ρ,
1230 2520 1327 2566 αιιίιω
1339 2520 1398 2579 ἐφ

157 2575 220 2650 (¹)·
238 2579 596 2627 Tamresnrenrtatnminori
611 2577 745 2626 mmmm·
779 2573 888 2647 earanq
902 2573 1125 2634 deeaefibsm
1137 2578 1398 2630 ndmmunmtus

125 2638 192 2702 (Vrd.
204 2639 311 2687 ultimam
323 2650 371 2689 not.
381 2642 407 2688 in
417 2642 462 2689 hoc
472 2640 557 2700 schol.)
779 2635 931 2684 ductitaret
942 2637 1048 2700 narnias
1059 2639 1078 2687 8
1088 2640 1115 2688 P
1125 2656 1154 2703 p,
1169 2644 1188 2691 8
1202 2644 1229 2700 Q
1238 2661 1264 2710 q,
1285 2646 1397 2708 rampant

156 2702 186 2767 (¹)
200 2707 212 2734 ·
228 2707 277 2757 Quo
288 2721 397 2754 conoesso.
417 2705 478 2770 (Per
488 2715 535 2752 not.
544 2703 616 2766 ³³3.)
1056 2740 1073 2787 q

155 2766 197 2830 (¹¹¹)
211 2770 224 2797 0
242 2770 342 2816 Viderint
353 2771 431 2832 napae
442 2770 573 2831 philosophi.
609 2766 744 2815 Difficultas
1179 2787 1210 2838 0

122 2831 210 2884 crescit,
228 2829 247 2877 si
258 2831 301 2879 tris
311 2832 381 2879 simul
397 2834 575 2895 conjungantur,
592 2846 646 2894 quar
656 2831 745 2891 primus

122 2893 228 2939 omnium
251 2894 368 2954 Keplerus
384 2895 445 2942 miri
462 2896 624 2957 sagacitatem
639 2896 744 2941 observa·

124 2957 226 3004 tionibus
247 2958 404 3004 astronomicis
424 2958 528 3006 deduait.
572 2958 679 3005 Primum
700 2966 743 3014 est,

121 3020 226 3080 planmrn
242 3021 267 3066 in
285 3021 411 3082 ellipsibus,
432 3037 532 3085 quarum
547 3021 685 3068 umbilicum
703 3021 744 3069 Sol

120 3092 226 3143 occupat,
238 3084 392 3133 revolutiones
402 3101 455 3132 suas
465 3100 580 3148 peragere.
608 3083 744 3132 Secundum

121 3157 156 3193 eat
167 3147 270 3206 planetas
288 3148 393 3210 singulos
409 3149 480 3196 radiis
489 3149 518 3195 ad
532 3148 610 3195 Solem
620 3149 702 3202 dumis,
719 3158 744 3196 et

121 3210 230 3257 satellites
240 3210 309 3258 radiis
318 3212 348 3258 ad
359 3227 429 3258 suum
440 3211 574 3272 primarium
585 3211 668 3267 ductis,
679 3227 744 3258 areas

122 3273 249 3321 describere
260 3275 401 3333 temporibus
411 3275 599 3336 proportionales.
635 3275 742 3322 Tertium

122 3347 163 3392 est,
175 3347 279 3397 tempora
286 3338 402 3396 periodica
410 3340 553 3398 planetarum
562 3336 622 3385 circi
631 3338 710 3384 Solem
718 3347 743 3386 et

120 3401 245 3447 satellitum
256 3400 316 3447 circi
326 3402 461 3461 primarium
472 3417 548 3459 suum,
560 3416 608 3448 esso
619 3401 643 3446 in
654 3403 743 3450 rationo

121 3463 281 3526 sesquipliostd
299 3464 458 3513 distantiarum
475 3483 489 3514 a
505 3474 583 3513 centro
599 3465 636 3510 sui
654 3465 738 3513 mortis.

122 3528 161 3576 Es
172 3527 217 3574 hie
228 3529 375 3588 proportione
389 3530 507 3592 colligitur
522 3528 666 3588 planetarum
677 3530 741 3577 relo-

121 3592 201 3639 citates
212 3591 235 3636 iu
244 3591 397 3639 mediocribus
406 3593 553 3640 distantiisab
559 3591 669 3638 umbilico
676 3607 741 3638 eom.

121 3644 742 3768 mmmm„

532 3753 540 3777 2
600 3750 608 3775 i

120 3783 266 3843 planetarum
285 3782 400 3830 dbtantiae
418 3784 441 3831 Τ
459 3793 483 3831 et
499 3794 516 3840 t,
539 3796 620 3831 eorum
636 3791 741 3843 tempora

120 3847 241 3907 modica.
253 3854 277 3892 et
286 3847 396 3907 quonism
407 3847 430 3893 in
442 3848 540 3910 singuiis
547 3846 691 3907 planetarum
702 3863 740 3894 or·

120 3911 175 3957 bitis
195 3924 264 3971 parva
284 3920 319 3956 est
339 3910 452 3958 distantias
470 3911 578 3957 maximo
595 3918 620 3956 et
637 3910 741 3958 minima

121 3972 258 4028 differentia,
279 3973 299 4019 si
317 3975 449 4021 conferatur
464 3989 519 4021 cum
538 3971 669 4021 differentid
686 3990 741 4036 quta

121 4037 181 4084 inter
196 4037 315 4084 distantias
332 4037 433 4086 duorum
452 4038 596 4098 planetarum
612 4036 739 4096 intercedit,

121 4103 195 4161 spatia
208 4102 348 4160 temporibus
361 4104 382 4149 T
392 4114 416 4149 er
426 4112 443 4157 t,
460 4102 572 4162 dmripta
587 4110 655 4147 munt
669 4117 741 4163 quam

121 4166 226 4225 proxime
244 4174 270 4209 ut
286 4165 401 4212 distantiae
415 4168 439 4213 l)
450 4175 474 4212 et
484 4165 514 4223 d;
535 4163 597 4212 unde
614 4164 744 4214 velocitates
777 4149 832 4198 ‘1⁸¹⁶
848 4162 927 4208 timi·
946 4164 1029 4204 mim
1041 4159 1060 4207 S
1070 4170 1097 4208 et
1110 4163 1187 4213 radiis
1199 4169 1218 4215 S
1232 4169 1261 4225 Ρ,
1274 4169 1393 4225 Serari

240 4227 265 4273 n
320 4228 336 4273 u
530 4229 555 4276 n
640 4226 657 4273 d
709 4216 1394 4291 .,b²13turgrcu=ctreuhmquammmnurr.ua

121 4277 352 4354 muntutfetT,
367 4269 502 4323 horestut
516 4275 679 4388 ῠ-ἴεῐά-Ξ,
696 4283 744 4318 nra
777 4279 928 4390 ιέυιΡηιόιυὲ
943 4285 1394 4393 ἢδᾳροαυωιίιυμιῐιεήιο

865 4362 898 4389 =
1047 4365 1105 4398 τι-
1206 4379 1244 4392 .-

123 4431 150 4470 ut
163 4390 215 4526 ih
226 4432 249 4471 et
260 4389 311 4526 ᾖ,
328 4438 368 4472 scu
380 4424 405 4470 in
415 4423 577 4487 subduplioati
592 4426 680 4473 ratiotm
697 4441 745 4472 me·
778 4353 1244 4532 glaliuftfgiiiza=dfflf
1254 4364 1335 4473 ⁵ng
1340 4360 1395 4470 iliud

122 4526 238 4575 diocrium
248 4526 409 4575 distantiarum
422 4526 519 4584 inversi,
531 4527 554 4572 in
565 4524 613 4587 qui
623 4528 692 4574 etiam
709 4543 745 4574 ra·
777 4489 1182 4597 descriptaidadquepuaveiocim
1188 4491 1393 4611 dmm

123 4591 186 4639 tione
197 4601 251 4637 sunt
264 4590 395 4637 velocitatis
410 4593 510 4651 purtium
529 4591 619 4639 vorticis
628 4592 746 4638 circularis
778 4597 872 4644 vorticis
888 4597 912 4644 iu
931 4599 958 4653 P,
976 4610 1000 4647 et
1014 4604 1052 4661 Q;
1073 4610 1154 4668 qun&
1165 4615 1391 4663 ,mphffi

122 4655 147 4702 in
167 4655 282 4705 distantiis
304 4655 362 4702 Det
372 4654 395 4709 d,
407 4671 422 4702 a
434 4654 488 4703 Sole
500 4658 552 4718 (per
570 4655 639 4716 l'rop.
653 4655 745 4718 Lllt.)
778 4659 803 4708 in
822 4662 910 4709 ratione
927 4661 1021 4712 meent
1039 4667 1222 4725 datatim
1260 4680 1327 4728 Pura
1338 4691 1390 4741 qn·
