3098 5534
85 388 229 492 ‘Lmen
246 389 408 472 Pnrtrus]
476 388 715 458 PRINCIPIA
736 390 1107 459 MATHEMATICA.
1260 454 1264 465 ,
1330 405 1388 463 861
1488 475 1491 484 Ι

265 691 551 758 PROPOSITIO
573 689 739 756 LXXIII.
784 692 1056 759 THEOREMA
1079 694 1249 761 XXXIII.

112 889 149 953 Si
161 890 205 952 od
216 889 339 972 spicere
352 889 475 973 alinn‘ns
488 891 569 953 dotae
576 897 690 971 pareto
703 890 820 973 singulo
840 893 964 954 tendant
984 895 1111 975 aeqanks
1130 895 1207 957 vires
1227 896 1395 977 cennspetae

156 996 345 1060 decrescentes
358 997 391 1060 in
405 994 557 1077 duplicati
572 996 688 1058 ratim
703 997 910 1059 distantiarum
926 1019 947 1059 a
955 1001 1094 1079 punctis.-
1109 1000 1175 1061 dico
1188 1002 1266 1081 qzsod
1278 1023 1395 1082 corpas-

154 1105 247 1167 ento·
261 1105 344 1166 intra
357 1103 501 1184 mineram
516 1104 699 1167 connitum
712 1104 876 1169 noento
888 1105 919 1168 ni
926 1107 1150 1188 proportionali
1169 1109 1323 1172 distantiae
1334 1129 1395 1174 Μ

155 1211 194 1275 at
207 1212 299 1293 t'psias
312 1219 419 1274 centro

155 1382 195 1448 In
211 1381 334 1468 spboeri
357 1383 430 1449 Ac
454 1379 536 1458 BD,
563 1394 670 1446 centro
693 1384 717 1448 S
740 1383 794 1447 de·

112 1486 237 1572 scripti,
249 1488 368 1552 locetur
379 1485 597 1571 corpusculum
612 1487 658 1562 P;
680 1498 712 1551 et
722 1509 793 1551 cen-

111 1605 161 1658 tro
182 1592 293 1658 eodem
316 1594 349 1670 S,
375 1592 536 1656 intervallo
562 1591 638 1669 SP,
666 1593 794 1677 concipe

109 1698 267 1782 sphaeranr
281 1698 461 1764 interiorem
475 1696 502 1760 P
518 1697 593 1773 EQ
608 1697 636 1761 F
649 1697 792 1763 describi.

112 1803 319 1869 Manifestum
346 1815 403 1881 est,
441 1807 512 1887 (per
541 1803 636 1886 Prop.
667 1802 792 1886 LXX.)

110 1909 194 1995 quod
208 1910 369 1994 sphaericoe
383 1907 562 1992 superficies
577 1909 792 1987 oonccntm'oae,

112 2038 153 2079 ex
164 2016 277 2100 quibus
287 2014 479 2099 sphaerarum
491 2014 663 2078 differentis
672 2014 793 2080 AEBF
826 1988 858 2052 A
923 2025 943 2065 Θ

109 2122 318 2206 componitur,
336 2119 568 2185 attractionibns
583 2121 646 2184 suis
666 2141 724 2205 per
746 2132 792 2185 ot·

107 2230 273 2296 unctiones
282 2228 453 2292 contrarias
462 2227 793 2316 desnuctinnilngunt

106 2337 350 2422 inoorpnsP.
418 2335 842 2401 Restatsolaettractio.

107 2443 239 2528 sphoerae
260 2443 415 2507 interioris
438 2443 467 2507 P
482 2443 511 2507 E
526 2442 560 2518 Q
574 2443 612 2507 F.
656 2442 699 2507 Et
722 2447 793 2526 (per

108 2552 204 2635 Prop.
231 2550 395 2631 nxxn.)
425 2549 495 2614 haec
517 2561 565 2614 est
587 2561 623 2613 ut
647 2549 792 2616 manna
952 2639 954 2644 Ι
995 2574 997 2577 v
1062 2516 1099 2593 D

109 2657 186 2723 PS.
231 2656 274 2732 Q.
289 2679 318 2720 e.
333 2656 364 2720 d.

668 2889 821 2954 &tettan

154 3066 350 3153 superficies,
366 3085 407 3128 ex
422 3062 533 3148 quibus
548 3060 648 3126 solida
661 3070 901 3144 componuntnr,
915 3057 967 3125 hic
989 3082 1053 3125 non
1077 3073 1151 3126 sunt
1171 3035 1250 3147 pure
1273 3062 1391 3131 mathe-

106 3178 238 3252 maticae,
254 3174 308 3238 sed
323 3173 417 3236 orbes
432 3171 511 3235 adeo
526 3184 643 3248 tenues,
653 3181 807 3232 uteorum
821 3170 992 3234 crassitudo
1006 3171 1104 3235 instar
1118 3170 1207 3234 nihili
1221 3172 1278 3248 sit;
1300 3174 1392 3237 nimi-

105 3308 176 3350 rum
192 3281 284 3346 orbes
300 3293 527 3355 evanescentes,
550 3301 592 3343 ex
606 3277 718 3363 quibus
737 3277 859 3360 sphoera
873 3276 983 3341 ultimo
998 3291 1127 3355 constat,
1149 3280 1204 3343 ubi
1218 3281 1341 3345 orbium
1355 3282 1391 3345 il·

103 3401 206 3463 lorum
229 3416 377 3459 numerus
399 3404 531 3479 angetur
553 3403 585 3454 et
608 3388 780 3455 crassitudo
803 3389 953 3453 minuitur
977 3390 1012 3453 in
1032 3390 1198 3456 infinitum.
1244 3390 1392 3456 Similiter

103 3530 161 3593 per
175 3516 300 3590 puncta,
324 3501 491 3584 exquibus
506 3499 607 3574 lincae,
631 3497 808 3583 superficies
831 3510 864 3562 et
876 3497 984 3575 solida,
1006 3501 1151 3584 componi
1165 3500 1321 3577 dicuntur,
1344 3500 1391 3562 in·

104 3614 282 3702 telligendae
297 3623 370 3675 sunt
384 3608 544 3693 particnlae
558 3607 692 3691 aequaIes
706 3606 927 3694 magnitudinis
941 3608 1186 3674 contemnendae.

260 3889 546 3958 PROPOSITIO
569 3888 730 3955 LXXIV.
776 3888 1047 3956 THEOREMA
1070 3891 1237 3956 XXXIV.

100 4068 209 4130 Hsdetn
219 4066 338 4146 positis,
354 4065 420 4126 dico
434 4064 512 4146 quod
528 4062 724 4144 corpusmlttm
745 4069 832 4124 esdra
853 4062 999 4143 spheram
1018 4065 1202 4127 constitutum
1224 4065 1387 4130 ottroltr'nen

143 4176 174 4236 oi
188 4169 333 4253 recrprood
341 4169 565 4253 proportionali
579 4169 726 4251 quadrato
740 4169 892 4231 distantiae
905 4189 965 4231 ενα»
978 4169 1016 4233 ab
1031 4171 1122 4253 t'positts
1135 4180 1242 4233 centro.

144 4348 227 4411 Nam
243 4343 452 4430 distinguntur
465 4341 589 4425 sphaera
608 4340 642 4402 in
664 4339 841 4424 superficies
863 4341 1031 4425 sphoericas
1052 4343 1229 4409 innumerus
1253 4367 1386 4411 concen-

100 4455 201 4530 tricas,
218 4466 249 4515 ot
271 4446 667 4540 attractIonesRcorpusculi
688 4470 707 4510 a
729 4446 857 4534 siuguIIs
883 4449 1106 4533 superficiebus
1130 4453 1271 4517 oriundae
1294 4467 1385 4519 erunt

100 4559 258 4646 reciproco
273 4557 520 4642 proportionales
536 4555 688 4641 quadrato
702 4554 857 4620 distantia
868 4558 1044 4640 corpusculi
1055 4582 1074 4622 a
1084 4573 1191 4625 centro
1207 4569 1276 4647 (per
1288 4563 1384 4648 Prop.
