3074 5520
212 403 276 461 196
537 386 880 458 PHILOSOPHIAE
903 384 1188 455 NATURALIS
1248 381 1374 465 [Mor.
1387 380 1509 449 Coma

211 561 337 626 duobus
353 562 383 623 A
398 571 431 625 et
446 559 486 636 B,
502 569 534 623 et
547 557 647 623 altere
660 558 725 622 duo
741 558 813 622 Fet
829 557 862 623 G
876 556 909 619 in
924 555 1015 620 tertio
1033 553 1079 630 C;
1096 554 1211 640 sitque
1226 551 1507 637 velocitasooepnit

212 669 249 735 D
263 668 304 732 ed
319 666 513 731 velocitatem
535 665 675 751 corporis
691 664 730 743 E,
754 677 786 727 et
807 663 953 727 velocitas
972 660 1116 746 corporis
1133 658 1165 723 F
1181 656 1230 722 ad
1245 656 1447 723 vdocimtem
1457 678 1505 723 tu·

210 778 297 863 poris
310 777 342 843 G
357 777 390 840 in
406 773 621 859 subduplicatri
636 774 756 838 ratione
771 773 882 836 virium
898 771 929 836 T
944 769 985 834 ad
1000 770 1082 834 vires
1099 768 1150 833 V:
1178 767 1375 835 resistentia
1393 768 1503 853 corpori

210 886 247 952 D
260 886 321 951 erit
335 884 374 948 ad
390 883 597 947 resistentiam
611 881 751 965 oorporis
768 878 806 956 E,
823 892 855 944 et
869 877 1043 943 resistentia
1053 875 1210 960 corporis
1223 874 1308 939 Fad
1325 874 1503 941 resistenti·

209 993 351 1078 eorporis
367 991 411 1069 G,
434 987 469 1073 (s)
485 990 518 1053 in
539 988 739 1053 velocitetum
761 987 880 1050 ratione
895 981 1071 1069 duplicati3
1093 993 1128 1047 et
1142 992 1336 1067 propterea
1355 980 1502 1047 restent

209 1099 350 1184 eorporis
372 1098 406 1163 D
429 1095 489 1162 erit
508 1095 549 1159 ad
572 1095 777 1160 resistentiam
803 1091 941 1177 corporis
957 1090 985 1154 F
999 1100 1035 1154 ut
1048 1088 1243 1153 resistentia
1264 1088 1413 1173 eorporis
1433 1084 1501 1152 ud

208 1204 416 1270 resistentiam
431 1201 571 1286 corporis
587 1202 630 1267 G.
665 1201 767 1267 Sunto
781 1221 914 1282 corpora
924 1197 958 1262 D
968 1209 1000 1261 et
1014 1196 1042 1260 F
1055 1192 1281 1281 oequivelocia
1295 1206 1335 1259 ut
1349 1205 1384 1259 et
1394 1213 1500 1280 oorpon

211 1317 240 1381 Ε
255 1327 286 1380 et
302 1315 352 1391 G;
379 1327 411 1378 et
424 1314 569 1403 augendo
589 1313 767 1379 velocitates
789 1332 957 1397 corporum
972 1310 1053 1375 Det
1070 1309 1098 1374 F
1113 1309 1150 1373 in
1167 1309 1305 1373 ratione
1328 1306 1498 1395 quicunque,

208 1445 246 1490 ae
267 1423 470 1487 diminuendo
492 1423 572 1487 vires
592 1423 815 1507 particularum
836 1420 931 1485 medii
954 1420 983 1484 B
1001 1420 1035 1484 in
1056 1416 1179 1484 eidem
1203 1420 1337 1485 ratione
1356 1412 1496 1503 duplinti,

207 1532 248 1617 (⁸)
263 1528 390 1594 eocedet
404 1529 542 1594 medium
558 1529 586 1593 B
601 1530 642 1594 ad
656 1528 787 1593 formam
803 1541 835 1594 et
849 1528 1060 1594 oonditionem
1081 1526 1189 1592 medii
1215 1528 1247 1593 C
1270 1550 1338 1613 pro
1358 1527 1497 1605 lubitue

206 1637 325 1704 idcirco
350 1638 533 1703 resistentioe
554 1659 723 1723 corporum
746 1637 913 1725 oequalium
935 1648 966 1701 et
987 1633 1244 1721 oequivelocium
1266 1634 1301 1700 E
1316 1647 1351 1699 et
1366 1634 1399 1700 G
1417 1634 1445 1697 in
1460 1632 1496 1697 lis

206 1747 327 1825 mediis,
341 1745 495 1833 perpetui>
508 1745 657 1811 eooedent
670 1746 712 1810 ad
725 1744 944 1833 aequalitatem,
961 1744 1004 1809 ita
1017 1754 1054 1807 ut
1067 1762 1188 1807 earum
1204 1740 1394 1807 differentia
1409 1738 1494 1806 eud!

205 1852 332 1919 tandem
346 1854 448 1917 minor
463 1875 556 1939 quam
571 1853 643 1917 deta
657 1852 783 1939 quaevis.
830 1851 968 1918 Proinde
982 1849 1054 1916 cum
1070 1850 1277 1916 resistentiae
1301 1847 1493 1936 eorporunll

204 1974 237 2028 et
252 1963 280 2027 F
293 1963 355 2027 sint
368 1962 409 2026 ad
424 1962 555 2025 invicem
570 1974 605 2025 ut
619 1961 801 2026 resistentiae
816 1980 984 2045 corporum
999 1957 1029 2022 E
1043 1969 1076 2021 et
1092 1956 1139 2034 G,
1165 1956 1336 2023 acoedeut
1356 1956 1442 2023 edam
1456 1952 1493 2017 ln

203 2069 345 2134 similiter
359 2069 399 2133 ad
414 2069 566 2133 rationem
580 2068 775 2154 aequalitatis.
824 2067 1004 2152 Corporum
1026 2066 1125 2153 igitur
1142 2065 1183 2131 D
1201 2078 1238 2130 et
1254 2066 1297 2145 F,
1322 2066 1378 2131 ubi
1391 2065 1489 2130 velerit·

202 2174 280 2240 sime
294 2187 468 2252 moventur,
484 2175 666 2239 resistentie
680 2185 753 2238 sunt
762 2173 898 2261 oequales
909 2194 1002 2260 qnam
1010 2168 1187 2257 proximdz
1212 2182 1249 2237 et
1263 2170 1487 2259 proptereeoin

202 2282 377 2346 resistentia
398 2282 538 2366 corporis
562 2282 646 2345 Fsit
664 2281 697 2344 in
719 2280 876 2365 duplicati
899 2281 1018 2345 ratione
1033 2278 1233 2358 velocitatis,
1258 2282 1327 2347 erit
1347 2280 1487 2347 mittenti!

201 2391 340 2475 eorporis
354 2390 388 2455 D
403 2390 436 2455 in
450 2388 561 2455 elidem
576 2391 695 2455 ratione
709 2389 802 2475 quim
816 2390 968 2475 proximi.

244 2495 283 2581 (l)
301 2498 400 2563 coron
418 2507 448 2561 8.
493 2496 642 2582 Corporis
656 2496 689 2559 in
703 2496 802 2560 fluido
816 2496 927 2583 quovis
940 2495 1068 2560 elastico
1084 2496 1301 2563 velocissime
1315 2498 1394 2564 moti
1405 2494 1482 2561 edu

198 2601 263 2668 ferd
277 2615 324 2668 est
337 2603 510 2669 resistentia
524 2626 560 2667 ao
575 2603 599 2667 si
614 2616 717 2687 partes
726 2603 814 2668 fluidi
828 2604 946 2668 viribus
961 2603 1024 2668 suis
1039 2603 1239 2693 ceutrifirgis
1256 2606 1481 2675 destituram

199 2733 294 2798 seque
315 2724 425 2776 mutuo
444 2711 686 2800 non'fugerent:
712 2712 738 2776 si
760 2713 854 2777 modo
875 2712 964 2778 fluidi
986 2713 1032 2776 vis
1053 2713 1194 2780 elastioo
1216 2738 1264 2781 ex
1288 2714 1480 2802 particum

198 2818 314 2882 viribus
329 2818 509 2908 centrifugis
522 2821 649 2900 oriatur,
665 2833 699 2886 et
713 2821 858 2887 velocitas
872 2819 954 2885 oded
968 2842 1085 2908 magna
1095 2822 1139 2886 sit
1149 2836 1191 2888 ut
1200 2824 1293 2889 vires
1303 2824 1480 2889 noanon

197 2926 271 2989 sotis
286 2926 433 3009 temporis
448 2926 488 2991 ad
503 2927 669 3014 egendum.

241 3034 340 3097 Corol.
355 3043 386 3097 4.
422 3035 559 3099 Proinde
569 3035 641 3099 crim
652 3037 834 3101 resistentioe
849 3036 996 3101 similium
1010 3048 1042 3101 et
1055 3038 1317 3123 aequivelocium
1332 3054 1477 3125 eorpuffl·

196 3139 228 3203 in
254 3139 358 3203 modio
379 3142 466 3226 cujus
487 3155 591 3226 partes
613 3143 762 3207 distantes
785 3165 819 3208 se
840 3156 950 3207 mutuo
972 3164 1037 3207 non
1057 3141 1206 3230 fugiunt,
1236 3146 1276 3231 (¹)
1292 3148 1360 3211 siut
1378 3158 1409 3211 ut
1424 3164 1477 3229 qu·

195 3245 285 3311 druta
316 3247 556 3325 diametrorum
587 3263 660 3315 sunt
685 3251 778 3315 etiarn
807 3251 1044 3337 requivelocium
1073 3265 1107 3316 et
1137 3252 1319 3320 celerrime
1351 3266 1477 3319 motum

195 3379 362 3442 corporum
383 3359 566 3424 resistentiae
587 3360 620 3423 in
642 3361 739 3425 fluido
761 3360 888 3425 elastioo
910 3373 947 3424 ut
966 3359 1120 3446 quadrata
1147 3361 1388 3427 diametrorum
1407 3355 1476 3447 qu’!

193 3463 346 3549 proxime.

239 3574 335 3637 Corol.
352 3581 383 3636 5.
429 3572 472 3637 Et
493 3571 563 3637 crim
586 3596 718 3659 corpora
740 3576 861 3653 similia,
886 3575 1018 3662 oequalia
1040 3585 1071 3638 et
1092 3577 1324 3661 oequiveloein,
1347 3579 1378 3641 in
1391 3572 1474 3639 moll!

193 3677 332 3765 ejusdem
345 3677 515 3757 densitatis,
531 3703 665 3765 quorum
676 3682 837 3765 particular
852 3705 886 3747 se
901 3695 1010 3746 mutuo
1021 3703 1087 3745 non
1096 3681 1244 3770 fugiunt,
1263 3679 1474 3771 sirepuderlt

192 3787 255 3851 illae
269 3788 331 3851 sint
345 3787 450 3872 plures
465 3802 496 3853 et
510 3790 656 3868 minores,
673 3791 737 3854 sive
751 3791 915 3874 pauciores
930 3805 962 3854 et
975 3791 1119 3876 majores,
1138 3792 1174 3854 in
1187 3794 1353 3879 aequalem
1362 3790 1473 3857 metult

192 3900 394 3987 quantitatem
425 3901 616 3985 temporibus
649 3903 820 3988 mqualibns
854 3902 1038 3987 impingant,
1075 3876 1173 3987 eique
1202 3904 1366 3990 aeqmlern
1392 3914 1472 3966 mot&

222 4043 484 4107 (¹)’1noelorr‘tntum
502 4045 590 4093 ratione
608 4044 732 4108 duplioatd·
750 4044 819 4108 ·(Er
853 4046 879 4096 D
896 4045 1159 4110 moreturoesugiunt,
1177 4050 1367 4115 quolinmqn·
1382 4060 1470 4109 ΙΗΙ·

189 4105 352 4155 demonstretis
363 4108 433 4155 initio
447 4107 524 4155 Corol.
539 4110 633 4172 hujus.)
851 4121 901 4167 tur;
914 4126 1036 4171 corporum
1047 4112 1072 4157 D
1081 4123 1105 4159 et
1118 4111 1191 4160 Fului
1203 4115 1356 4164 velocissime
1364 4122 1469 4165 m

222 4171 257 4234 (⁸)
269 4175 282 4202 ⁰
296 4174 395 4221 Accedat
406 4174 509 4219 nimiam
521 4175 550 4228 B.
563 4174 605 4220 &o
642 4172 666 4221 si
683 4173 746 4220 enim
757 4173 820 4221 relo-
851 4175 987 4222 resistendis
996 4175 1149 4223 manentium
1155 4178 1373 4244 nquaiibrrsqrn
1380 4172 1467 4241 ruffi

188 4234 269 4283 citatas
284 4251 409 4297 corporum
424 4236 448 4283 D
459 4246 483 4282 et
496 4236 522 4290 F.
543 4252 613 4298 quam
630 4238 730 4285 manime
748 4254 820 4301 auge-
852 4239 906 4287 licet
917 4239 987 4287 medii
998 4240 1017 4286 C
1029 4240 1053 4285 iu
1065 4255 1113 4301 quo
1123 4256 1216 4303 corpus
1231 4242 1254 4291 F
1265 4256 1381 4299 mim.
1390 4242 1468 4303 W

187 4308 271 4346 rentur
286 4300 346 4346 vires
357 4300 525 4360 particularum
541 4301 613 4348 medii
627 4301 655 4357 B,
673 4303 821 4348 monentibus
853 4304 881 4350 1ae
891 4303 977 4349 viribus
987 4302 1125 4365 centriiupis
1137 4320 1238 4367 prorsam
1250 4307 1410 4356 desimam
1434 4300 1466 4349 ᾖ

187 4362 275 4410 viribus
294 4364 365 4411 medii
379 4367 402 4412 A
414 4374 439 4411 et
450 4364 571 4413 velocitate
589 4366 691 4426 eorporis
708 4366 730 4413 E
747 4381 818 4427 quarn
850 4377 884 4414 tet
893 4367 998 4414 suumn
1007 4367 1108 4429 eoquod
1119 4374 1394 4430 appensorum-n
1403 4368 1467 4415 U·

186 4425 289 4474 maxime
305 4427 472 4483 demerent,
491 4429 545 4490 quia
557 4440 591 4476 est
602 4445 693 4489 sempor
704 4429 737 4474 vis
747 4428 818 4476 medii
851 4430 907 4477 estis
917 4431 1026 4490 temporis
1036 4431 1065 4477 ad
1077 4433 1212 4493 egendum,
1231 4438 1301 4484 unde
1311 4452 1376 4484 mus
1384 4432 1434 4480 rofi
1444 4426 1466 4474 ἓ

188 4488 212 4537 A
224 4489 255 4536 ad
266 4491 312 4536 vim
324 4492 395 4538 medii
410 4493 431 4539 B
444 4503 471 4539 ut
482 4492 622 4554 quodratum
634 4493 761 4539 velocitatis
767 4508 817 4540 cor-
850 4509 906 4541 eum
917 4495 942 4540 in
953 4510 1000 4556 quo
1011 4495 1070 4541 vires
1081 4493 1130 4541 ills.¹
1143 4498 1222 4545 null:
1233 4512 1300 4548 arnt.

185 4553 249 4615 poris
261 4554 287 4600 D
297 4553 327 4600 ed
338 4556 479 4617 quodratum
491 4555 619 4604 velocitatis
629 4556 730 4619 samoris
742 4557 773 4603 Ε.
881 4557 912 4622 (¹)
925 4562 938 4587 '
951 4560 1002 4606 &nt
1018 4568 1045 4606 at
1056 4562 1177 4621 quadrato
1188 4566 1367 4613 diometrmm
1400 4559 1464 4608 ΡΗ

219 4616 258 4679 (¹)
270 4621 284 4647 ⁸
298 4622 450 4668 corollarium
466 4625 489 4666 ³.
528 4620 597 4667 Petet
615 4635 655 4681 per
677 4622 730 4667 Cor.
750 4628 771 4667 9„
791 4621 816 4666 in
848 4632 937 4682 partem
953 4620 1014 4668 dem.
1036 4620 1107 4683 Prop.
1127 4624 1213 4687 hujus,
1235 4630 1270 4676 ob
1288 4628 1353 4676 dm
1367 4630 1465 4688 αμ·

184 4695 234 4744 quo
244 4681 315 4740 risT,
323 4680 371 4745 qut
380 4684 502 4743 particula
517 4683 591 4732 medii
604 4686 627 4731 A
639 4685 664 4731 in
675 4698 723 4747 quo
733 4699 818 4745 corpus
850 4684 981 4735 reloritstes
992 4694 1016 4733 et
1025 4684 1098 4734 medii
1109 4686 1260 4741 derium
1270 4692 1358 4742 m
