3098 5534
518 388 860 458 PHILOSOPHIAE
884 389 1157 457 NATURALIS
1221 388 1516 469 [Maeonios.

467 664 753 732 PROPOSITIO
775 666 834 731 Vl.
879 667 1152 735 THEOREMA
1174 667 1235 735 IV.

206 841 343 922 Corpora
358 839 505 931 spherica
519 841 697 925 homogenea
713 850 741 904 et
754 842 896 926 capitalia,
912 843 1089 906 resistentiis
1104 845 1137 905 in
1149 838 1312 926 duplicati
1323 842 1457 906 ratione
1466 864 1513 907 ae·

246 946 399 1008 locitaturn
415 947 569 1029 impedita,
585 957 615 1010 et
628 948 699 1010 solis
713 948 828 1011 viribus
849 950 950 1011 insitis
971 950 1110 1024 incitato,
1136 948 1323 1032 temporibus
1345 970 1424 1033 qnae
1444 958 1512 1014 mr

245 1050 396 1136 reciproci
410 1065 444 1118 ut
458 1057 629 1120 velocitates
649 1056 703 1118 sub
726 1058 825 1135 initia,
852 1058 1022 1122 describam
1040 1081 1153 1142 semper
1174 1060 1313 1144 aequalia
1334 1060 1462 1145 spralia,
1482 1069 1511 1123 et

245 1166 389 1228 amittunt
396 1175 504 1247 partes
518 1168 706 1231 velocitatem
715 1169 961 1250 proportionales
970 1170 1051 1233 totis.

246 1338 441 1424 Asymptotis
453 1338 641 1427 rectangulis
654 1338 682 1403 C
692 1340 736 1416 D,
750 1339 779 1403 C
791 1339 826 1403 H
865 1393 900 1446 H

201 1443 356 1530 descripti
372 1445 545 1532 hyperbolis
561 1446 669 1532 quivis
687 1446 750 1511 Bb
763 1446 791 1511 E
809 1470 827 1512 e

201 1563 325 1618 secante
356 1552 580 1639 perpendicula
619 1555 647 1619 A
673 1553 712 1632 B,
744 1576 763 1619 a
791 1555 823 1632 b,

202 1660 237 1725 D
250 1660 289 1738 E,
306 1661 367 1739 de,
379 1661 412 1724 in
425 1660 463 1739 B,
474 1661 506 1740 b,
521 1661 560 1738 E,
573 1684 601 1737 e,
618 1664 654 1746 (¹)
667 1684 827 1747 exponan-

201 1780 254 1834 tur
268 1770 447 1835 velocitates
462 1769 595 1836 initiales
621 1793 679 1855 per
692 1792 827 1858 perpen-

199 1876 305 1944 dicula
331 1880 362 1944 A
379 1879 418 1956 Β,
434 1879 469 1944 D
486 1878 524 1956 F„
555 1891 587 1942 et
607 1890 749 1964 tempora
769 1901 827 1965 per

198 1985 298 2052 lineas
322 1988 396 2065 Aa,
416 1985 497 2052 Dd.
543 1985 823 2074 EstergoutAa

199 2094 241 2159 ad
266 2094 337 2160 Dd
360 2096 402 2160 ita
431 2100 502 2180 (per
515 2094 717 2181 hypothesin)
744 2095 824 2160 DE

199 2201 241 2271 ad
257 2204 288 2268 A
305 2201 345 2280 Β,
362 2202 452 2268 etita
467 2203 503 2288 (²)
514 2207 568 2287 (ex
583 2201 694 2267 naturai
708 2202 824 2290 hyper-

198 2308 293 2390 bolae)
308 2311 336 2376 C
349 2313 379 2375 A
395 2310 435 2374 ad
447 2311 474 2375 C
485 2311 518 2374 D
523 2333 532 2387 3
549 2323 580 2375 et
594 2311 822 2396 componendo,

197 2421 246 2487 ita.
273 2419 301 2483 C
327 2443 346 2483 a
372 2418 412 2483 ad
438 2418 466 2483 C
490 2419 521 2483 d.
566 2420 606 2504 (¹¹)
632 2419 719 2507 Ergo
740 2442 822 2484 areae

197 2530 230 2595 A
246 2531 275 2595 B
289 2532 311 2595 b
326 2555 354 2610 a,
372 2534 406 2598 D
424 2534 453 2598 Ε
467 2556 485 2597 e
500 2533 531 2610 d,
552 2533 613 2597 hoc
629 2545 685 2610 est,
702 2535 802 2618 spatia
817 2534 973 2620 descripta
988 2549 1151 2622 sequnntur
1166 2534 1248 2599 inter
1263 2557 1307 2614 se,
1330 2548 1367 2600 et
1383 2539 1497 2604 veloci·

197 2651 276 2705 tates
284 2640 396 2723 primae
412 2645 442 2706 A
461 2642 500 2720 B,
517 2642 551 2707 D
569 2641 597 2705 E
612 2654 687 2706 sunt
701 2643 815 2707 ultimis
831 2644 889 2722 ab,
906 2644 967 2722 de,
983 2659 1015 2708 et
1029 2657 1195 2731 propterea
1209 2646 1387 2711 dividendo
1401 2651 1496 2734 parti-

196 2746 255 2812 bus
270 2748 363 2813 etiam
379 2751 443 2814 suis
458 2749 578 2814 amissis
595 2752 626 2815 A
639 2750 721 2814 Β-
735 2775 754 2816 a
768 2752 799 2829 b,
817 2753 851 2816 D
868 2753 897 2817 E
911 2753 991 2818 -d
1007 2777 1025 2818 e
1045 2756 1308 2840 proportionales.
1356 2758 1404 2837 Q.
1420 2782 1449 2823 e.
1463 2759 1494 2822 tl.

450 3033 732 3104 PROPOSITIO
756 3036 832 3103 Vll.
878 3038 1153 3105 THEOREMA
1176 3040 1217 3104 V.

197 3231 334 3312 Corpora
348 3235 496 3315 spherica
512 3237 618 3319 quibas
632 3238 782 3300 resistitur·
797 3239 830 3298 in
845 3237 1001 3319 drplicatd
1015 3240 1136 3307 ratione
1151 3239 1352 3315 uelocitatnrn,
1382 3251 1493 3324 tenpo-

236 3343 327 3417 ribns,
343 3364 410 3424 qna
423 3354 492 3406 sunt
505 3354 539 3407 ut
552 3354 646 3407 rnatns
654 3345 753 3425 primi
767 3340 879 3405 directi
893 3354 921 3407 et
935 3346 1115 3408 resistentia
1122 3346 1234 3425 prima
1248 3342 1380 3421 inversi,
1404 3347 1492 3409 antri·

236 3458 300 3511 tent
320 3460 428 3531 partes
452 3460 579 3513 matrerm
601 3453 847 3532 proportionales
860 3452 940 3528 totis,
966 3463 995 3515 et
1010 3454 1112 3534 spatio
1127 3452 1293 3515 describent
1309 3454 1492 3536 temporibus

235 3556 303 3619 istis
317 3567 345 3619 et
361 3557 565 3620 velocitatilms
575 3558 686 3638 primis
700 3555 877 3639 conjunctim
888 3559 1146 3640 proportionalia.

237 3726 277 3807 (¹)
303 3724 447 3809 Namque
462 3737 604 3787 motuum
620 3738 724 3807 partes
740 3722 861 3786 amissa)
877 3737 949 3786 sunt
964 3737 999 3787 ut
1013 3722 1195 3785 resistentia
1210 3735 1242 3785 et
1254 3735 1403 3807 tempora
1418 3746 1493 3787 con·

187 3837 332 3920 junctim.
378 3834 479 3921 Igitur
495 3847 529 3897 ut
543 3847 647 3918 partes
662 3833 724 3896 illae
740 3834 803 3896 sint
818 3833 891 3896 totis
906 3831 1164 3915 oroportionales,
1189 3830 1319 3895 debebit
1343 3834 1491 3898 resisten-

192 3943 235 4006 tia
249 3958 280 4007 et
295 3956 417 4026 tempus
432 3941 623 4026 conjunctim
640 3963 707 4005 esse
729 3955 763 4003 ut
777 3955 890 4003 motus.
938 3939 1076 4004 Proinde
1099 3953 1222 4022 tempus
1248 3939 1310 4002 erit
1326 3952 1361 4002 ut
1388 3958 1491 4006 motus

224 4158 258 4222 (')
284 4164 295 4189 ⁹
325 4161 481 4220 Espmnantur·
503 4161 626 4206 velocitates
651 4160 756 4213 initiales,
779 4160 821 4205 ae
856 4157 881 4203 in
893 4156 939 4203 fine
950 4157 1044 4205 illonim
1055 4167 1186 4215 temporam
1199 4153 1300 4201 residuae
1308 4170 1351 4214 per
1362 4155 1440 4205 um
1450 4161 1491 4215 atq

194 4222 257 4271 Cium
278 4223 340 4269 enirn
358 4238 454 4282 corpora
472 4222 520 4269 duo
536 4223 622 4269 similia
640 4224 785 4289 homogenea
801 4231 825 4268 et
856 4221 904 4277 de,
921 4233 945 4268 et
955 4222 1028 4280 spatia
1038 4221 1074 4265 his
1085 4218 1228 4279 temporibus
1242 4217 1359 4280 descripta
1377 4237 1494 4283 [serm

192 4287 291 4349 aqualis
301 4298 470 4347 supponantur,
489 4302 571 4334 eonem
588 4297 667 4334 motui
683 4286 822 4333 considerari
854 4285 1013 4344 hyperbolicas
1026 4286 1047 4330 A
1060 4284 1081 4331 B
1093 4285 1108 4328 b
1119 4298 1140 4338 ι,
1156 4283 1180 4329 D
1194 4282 1215 4328 E
1227 4280 1274 4328 ed.

191 4362 290 4410 possunt
308 4363 419 4413 tanquam
436 4362 514 4398 matris
526 4350 597 4396 unius
608 4349 758 4413 ejusdemque
769 4366 821 4397 cor·
887 4349 919 4411 (¹)
938 4354 950 4378 ‘
970 4352 1008 4398 Es
1019 4346 1105 4397 natnrci
1116 4349 1246 4409 hyper-bola·
1266 4346 1330 4409 (Per
1343 4348 1435 4398 Ήηα.
1446 4351 1492 4400 lv.

191 4414 253 4475 {ioris
265 4414 333 4461 variis
343 4415 466 4462 celeritatis
477 4413 588 4478 gradibus
598 4414 643 4461 acti
661 4417 699 4477 (ut
710 4414 735 4460 in
750 4415 820 4474 Prop.
856 4411 885 4459 de
899 4412 1019 4473 Hyperb.)

192 4478 238 4539 V.)
258 4478 359 4541 ideoque
379 4483 432 4542 (per
450 4479 528 4527 Corol.
551 4483 570 4525 1.
587 4479 658 4538 Prop.
675 4478 719 4538 V.)
739 4477 822 4524 veloci·
888 4477 923 4540 (¹²)
938 4481 950 4506 ⁵
964 4476 1029 4538 Ergb
1039 4491 1099 4524 areae
1110 4477 1133 4522 A
1144 4476 1218 4530 Bba,
1229 4477 1254 4521 D
1266 4475 1341 4529 Eed‚
1351 4475 1424 4537 (378.
1435 4479 1489 4529 Lib.

190 4552 250 4589 tates
267 4541 368 4590 initiales
387 4542 472 4603 exponi
490 4553 588 4603 possunt
605 4559 646 4604 per
662 4542 736 4588 lineas
755 4544 776 4588 A
792 4542 822 4597 B,
857 4539 893 4600 l.)

192 4607 218 4655 D
231 4607 254 4657 E-
275 4619 380 4668 tempara
395 4622 436 4669 per
452 4608 524 4655 lineas
538 4608 559 4655 A
572 4625 594 4666 a,
613 4606 673 4662 tta,
691 4606 823 4655 velocitates
888 4603 947 4669 (Ψ
959 4607 1070 4668 Namque
1080 4607 1377 4666 norunnparreranim.
1388 4608 1435 4656 &c-
1447 4609 1497 4674 (¹2.)
