<?xml version="1.0" encoding="UTF-8"?>
<!DOCTYPE html PUBLIC "-//W3C//DTD XHTML 1.0 Transitional//EN"
    "http://www.w3.org/TR/xhtml1/DTD/xhtml1-transitional.dtd">
<html xmlns="http://www.w3.org/1999/xhtml" xml:lang="en" lang="en">
 <head>
  <title>
</title>
<meta http-equiv="Content-Type" content="text/html;charset=utf-8" />
  <meta name='ocr-system' content='tesseract 3.04.00' />
  <meta name='ocr-capabilities' content='ocr_page ocr_carea ocr_par ocr_line ocrx_word'/>
</head>
<body>
  <div class='ocr_page' id='page_1' title='image "./philosophinatur01newtgoog/philosophinatur01newtgoog_0400.png"; bbox 0 0 3098 5534; ppageno 0'>
   <div class='ocr_carea' id='block_1_1' title="bbox 84 405 1364 489">
    <p class='ocr_par' dir='ltr' id='par_1_1' title="bbox 84 405 1364 489">
     <span class='ocr_line' id='line_1_1' title="bbox 84 405 1364 489; baseline -0.005 -13"><span class='ocrx_word' id='word_1_1' title='bbox 84 412 198 478; x_wconf 76' lang='lat' dir='ltr'><strong>Linea</strong></span> <span class='ocrx_word' id='word_1_2' title='bbox 213 408 379 489; x_wconf 83' lang='lat' dir='ltr'><strong>Pnruna]</strong></span> <span class='ocrx_word' id='word_1_3' title='bbox 425 407 665 474; x_wconf 83' lang='lat' dir='ltr'>PRINCIPIA</span> <span class='ocrx_word' id='word_1_4' title='bbox 687 405 1059 475; x_wconf 82' lang='lat' dir='ltr'>MATHEMATICA.</span> <span class='ocrx_word' id='word_1_5' title='bbox 1300 410 1364 472; x_wconf 78' lang='lat'><strong>335</strong></span> 
     </span>
    </p>
   </div>
   <div class='ocr_carea' id='block_1_2' title="bbox 83 582 1374 1427">
    <p class='ocr_par' dir='ltr' id='par_1_2' title="bbox 83 582 1372 889">
     <span class='ocr_line' id='line_1_2' title="bbox 83 582 1372 670; baseline 0.002 -20"><span class='ocrx_word' id='word_1_6' title='bbox 83 586 208 651; x_wconf 82' lang='lat' dir='ltr'><strong>dicutur</strong></span> <span class='ocrx_word' id='word_1_7' title='bbox 220 585 367 662; x_wconf 83' lang='lat' dir='ltr'><strong>velocius,</strong></span> <span class='ocrx_word' id='word_1_8' title='bbox 383 583 478 669; x_wconf 89' lang='lat' dir='ltr'><strong>inque</strong></span> <span class='ocrx_word' id='word_1_9' title='bbox 492 582 690 670; x_wconf 75' lang='lat' dir='ltr'><strong>quadraturis</strong></span> <span class='ocrx_word' id='word_1_10' title='bbox 704 583 768 648; x_wconf 89' lang='lat' dir='ltr'><strong>suis</strong></span> <span class='ocrx_word' id='word_1_11' title='bbox 781 583 901 649; x_wconf 76' lang='lat' dir='ltr'><strong>tardius</strong></span> <span class='ocrx_word' id='word_1_12' title='bbox 923 584 1071 649; x_wconf 75' lang='lat' dir='ltr'><strong>recedent</strong></span> <span class='ocrx_word' id='word_1_13' title='bbox 1092 606 1150 670; x_wconf 90' lang='lat' dir='ltr'><strong>per</strong></span> <span class='ocrx_word' id='word_1_14' title='bbox 1172 585 1236 649; x_wconf 82' lang='lat' dir='ltr'><strong>vim</strong></span> <span class='ocrx_word' id='word_1_15' title='bbox 1258 585 1372 652; x_wconf 74' lang='lat' dir='ltr'><strong>additi-</strong></span> 
     </span>
     <span class='ocr_line' id='line_1_3' title="bbox 84 689 1366 780; baseline 0 -21"><span class='ocrx_word' id='word_1_16' title='bbox 84 696 159 759; x_wconf 81' lang='lat' dir='ltr'><strong>tiam</strong></span> <span class='ocrx_word' id='word_1_17' title='bbox 174 694 203 758; x_wconf 91' lang='lat' dir='ltr'>L</span> <span class='ocrx_word' id='word_1_18' title='bbox 219 691 269 757; x_wconf 89' lang='lat' dir='ltr'><strong>M.</strong></span> <span class='ocrx_word' id='word_1_19' title='bbox 313 691 367 757; x_wconf 91' lang='lat' dir='ltr'><strong>Ob</strong></span> <span class='ocrx_word' id='word_1_20' title='bbox 381 691 618 755; x_wconf 72' lang='lat' dir='ltr'><strong>diuturnitatem</strong></span> <span class='ocrx_word' id='word_1_21' title='bbox 630 689 707 756; x_wconf 84' lang='lat' dir='ltr'><strong>verd</strong></span> <span class='ocrx_word' id='word_1_22' title='bbox 720 692 879 775; x_wconf 90' lang='lat' dir='ltr'><strong>temporis,</strong></span> <span class='ocrx_word' id='word_1_23' title='bbox 894 712 958 776; x_wconf 92' lang='lat' dir='ltr'><strong>quo</strong></span> <span class='ocrx_word' id='word_1_24' title='bbox 970 691 1114 758; x_wconf 83' lang='lat' dir='ltr'><strong>velocitas</strong></span> <span class='ocrx_word' id='word_1_25' title='bbox 1124 714 1307 780; x_wconf 83' lang='lat' dir='ltr'><strong>progressus</strong></span> <span class='ocrx_word' id='word_1_26' title='bbox 1317 693 1366 760; x_wconf 80' lang='lat' dir='ltr'><strong>vei</strong></span> 
     </span>
     <span class='ocr_line' id='line_1_4' title="bbox 83 801 1221 889; baseline 0.004 -23"><span class='ocrx_word' id='word_1_27' title='bbox 83 802 211 866; x_wconf 75' lang='lat' dir='ltr'>tarditas</span> <span class='ocrx_word' id='word_1_28' title='bbox 226 824 384 889; x_wconf 84' lang='lat' dir='ltr'><strong>regressus</strong></span> <span class='ocrx_word' id='word_1_29' title='bbox 399 802 608 879; x_wconf 89' lang='lat' dir='ltr'><strong>continuatur,</strong></span> <span class='ocrx_word' id='word_1_30' title='bbox 625 803 662 867; x_wconf 86' lang='lat' dir='ltr'><strong>iit</strong></span> <span class='ocrx_word' id='word_1_31' title='bbox 675 801 745 866; x_wconf 83' lang='lat' dir='ltr'><strong>haeo</strong></span> <span class='ocrx_word' id='word_1_32' title='bbox 758 803 951 888; x_wconf 72' lang='lat' dir='ltr'><strong>inaequalitas</strong></span> <span class='ocrx_word' id='word_1_33' title='bbox 966 802 1060 889; x_wconf 77' lang='lat' dir='ltr'><strong>longi</strong></span> <span class='ocrx_word' id='word_1_34' title='bbox 1075 805 1221 870; x_wconf 87' lang='lat' dir='ltr'><strong>maxima.</strong></span> 
     </span>
    </p>

    <p class='ocr_par' dir='ltr' id='par_1_3' title="bbox 84 906 1374 1427">
     <span class='ocr_line' id='line_1_5' title="bbox 130 906 1370 995; baseline 0.003 -23"><span class='ocrx_word' id='word_1_35' title='bbox 130 910 228 972; x_wconf 86' lang='lat' dir='ltr'><strong>Corol.</strong></span> <span class='ocrx_word' id='word_1_36' title='bbox 244 918 275 973; x_wconf 86' lang='lat'><strong>9.</strong></span> <span class='ocrx_word' id='word_1_37' title='bbox 299 908 333 972; x_wconf 87' lang='lat' dir='ltr'><strong>Si</strong></span> <span class='ocrx_word' id='word_1_38' title='bbox 348 929 462 992; x_wconf 88' lang='lat' dir='ltr'><strong>corpus</strong></span> <span class='ocrx_word' id='word_1_39' title='bbox 477 907 614 993; x_wconf 79' lang='lat' dir='ltr'><strong>aliquod,</strong></span> <span class='ocrx_word' id='word_1_40' title='bbox 630 907 662 970; x_wconf 90' lang='lat' dir='ltr'><strong>vi</strong></span> <span class='ocrx_word' id='word_1_41' title='bbox 676 906 834 993; x_wconf 75' lang='lat' dir='ltr'><strong>reciproci</strong></span> <span class='ocrx_word' id='word_1_42' title='bbox 847 908 1074 992; x_wconf 81' lang='lat' dir='ltr'><strong>proportionali</strong></span> <span class='ocrx_word' id='word_1_43' title='bbox 1088 909 1241 995; x_wconf 88' lang='lat' dir='ltr'><strong>quadrato</strong></span> <span class='ocrx_word' id='word_1_44' title='bbox 1255 911 1370 977; x_wconf 76' lang='lat' dir='ltr'><strong>disten·</strong></span> 
     </span>
     <span class='ocr_line' id='line_1_6' title="bbox 84 1014 1372 1101; baseline 0.002 -20"><span class='ocrx_word' id='word_1_45' title='bbox 84 1017 137 1081; x_wconf 83' lang='lat' dir='ltr'><strong>tiae</strong></span> <span class='ocrx_word' id='word_1_46' title='bbox 159 1037 224 1078; x_wconf 81' lang='lat' dir='ltr'><strong>suoe</strong></span> <span class='ocrx_word' id='word_1_47' title='bbox 240 1036 260 1077; x_wconf 80' lang='lat' dir='ltr'><strong>a</strong></span> <span class='ocrx_word' id='word_1_48' title='bbox 273 1027 382 1078; x_wconf 90' lang='lat' dir='ltr'><strong>centro</strong></span> <span class='ocrx_word' id='word_1_49' title='bbox 403 1015 614 1080; x_wconf 81' lang='lat' dir='ltr'><strong>revolveretur</strong></span> <span class='ocrx_word' id='word_1_50' title='bbox 636 1015 718 1079; x_wconf 89' lang='lat' dir='ltr'><strong>circa</strong></span> <span class='ocrx_word' id='word_1_51' title='bbox 738 1014 800 1079; x_wconf 88' lang='lat' dir='ltr'><strong>hoc</strong></span> <span class='ocrx_word' id='word_1_52' title='bbox 820 1029 961 1080; x_wconf 87' lang='lat' dir='ltr'><strong>centrum</strong></span> <span class='ocrx_word' id='word_1_53' title='bbox 981 1017 1014 1082; x_wconf 92' lang='lat' dir='ltr'><strong>in</strong></span> <span class='ocrx_word' id='word_1_54' title='bbox 1034 1017 1154 1101; x_wconf 82' lang='lat' dir='ltr'><strong>ellipsi3</strong></span> <span class='ocrx_word' id='word_1_55' title='bbox 1180 1031 1212 1084; x_wconf 88' lang='lat' dir='ltr'><strong>et</strong></span> <span class='ocrx_word' id='word_1_56' title='bbox 1232 1042 1318 1097; x_wconf 87' lang='lat' dir='ltr'><strong>mox,</strong></span> <span class='ocrx_word' id='word_1_57' title='bbox 1339 1021 1372 1084; x_wconf 90' lang='lat' dir='ltr'><strong>in</strong></span> 
     </span>
     <span class='ocr_line' id='line_1_7' title="bbox 84 1120 1374 1210; baseline 0.003 -23"><span class='ocrx_word' id='word_1_58' title='bbox 84 1125 235 1187; x_wconf 77' lang='lat' dir='ltr'><strong>descensu</strong></span> <span class='ocrx_word' id='word_1_59' title='bbox 249 1122 290 1185; x_wconf 90' lang='lat' dir='ltr'><strong>ab</strong></span> <span class='ocrx_word' id='word_1_60' title='bbox 305 1121 413 1206; x_wconf 84' lang='lat' dir='ltr'><strong>apside</strong></span> <span class='ocrx_word' id='word_1_61' title='bbox 428 1120 548 1186; x_wconf 75' lang='lat' dir='ltr'><strong>summi</strong></span> <span class='ocrx_word' id='word_1_62' title='bbox 560 1144 616 1186; x_wconf 88' lang='lat' dir='ltr'><strong>seu</strong></span> <span class='ocrx_word' id='word_1_63' title='bbox 630 1144 711 1209; x_wconf 88' lang='lat' dir='ltr'><strong>auge</strong></span> <span class='ocrx_word' id='word_1_64' title='bbox 725 1121 767 1186; x_wconf 92' lang='lat' dir='ltr'><strong>ad</strong></span> <span class='ocrx_word' id='word_1_65' title='bbox 780 1121 922 1206; x_wconf 90' lang='lat' dir='ltr'><strong>apsidem</strong></span> <span class='ocrx_word' id='word_1_66' title='bbox 935 1123 1029 1187; x_wconf 89' lang='lat' dir='ltr'><strong>imam</strong></span> <span class='ocrx_word' id='word_1_67' title='bbox 1040 1147 1050 1201; x_wconf 73' lang='grc' dir='ltr'><strong>ς</strong></span> <span class='ocrx_word' id='word_1_68' title='bbox 1072 1125 1119 1188; x_wconf 90' lang='lat' dir='ltr'><strong>vis</strong></span> <span class='ocrx_word' id='word_1_69' title='bbox 1134 1124 1188 1188; x_wconf 91' lang='lat' dir='ltr'><strong>illa</strong></span> <span class='ocrx_word' id='word_1_70' title='bbox 1200 1147 1258 1210; x_wconf 83' lang='lat' dir='ltr'><strong>per</strong></span> <span class='ocrx_word' id='word_1_71' title='bbox 1271 1149 1374 1191; x_wconf 87' lang='lat' dir='ltr'><strong>acces-</strong></span> 
     </span>
     <span class='ocr_line' id='line_1_8' title="bbox 85 1230 1374 1318; baseline 0.005 -23"><span class='ocrx_word' id='word_1_72' title='bbox 85 1253 155 1296; x_wconf 89' lang='lat' dir='ltr'><strong>sum</strong></span> <span class='ocrx_word' id='word_1_73' title='bbox 169 1243 354 1315; x_wconf 88' lang='lat' dir='ltr'><strong>perpetuum</strong></span> <span class='ocrx_word' id='word_1_74' title='bbox 369 1232 417 1296; x_wconf 89' lang='lat' dir='ltr'><strong>vis</strong></span> <span class='ocrx_word' id='word_1_75' title='bbox 431 1252 523 1295; x_wconf 78' lang='lat' dir='ltr'><strong>novas</strong></span> <span class='ocrx_word' id='word_1_76' title='bbox 535 1241 704 1318; x_wconf 84' lang='lat' dir='ltr'><strong>augeretur</strong></span> <span class='ocrx_word' id='word_1_77' title='bbox 717 1230 750 1295; x_wconf 91' lang='lat' dir='ltr'><strong>in</strong></span> <span class='ocrx_word' id='word_1_78' title='bbox 765 1230 885 1295; x_wconf 88' lang='lat' dir='ltr'><strong>ratione</strong></span> <span class='ocrx_word' id='word_1_79' title='bbox 898 1230 1064 1317; x_wconf 81' lang='lat' dir='ltr'><strong>plusquam</strong></span> <span class='ocrx_word' id='word_1_80' title='bbox 1078 1231 1235 1317; x_wconf 73' lang='lat' dir='ltr'><strong>duplicati</strong></span> <span class='ocrx_word' id='word_1_81' title='bbox 1257 1235 1374 1301; x_wconf 86' lang='lat' dir='ltr'><strong>distau-</strong></span> 
     </span>
     <span class='ocr_line' id='line_1_9' title="bbox 86 1338 1373 1427; baseline 0.004 -23"><span class='ocrx_word' id='word_1_82' title='bbox 86 1341 137 1405; x_wconf 83' lang='lat' dir='ltr'><strong>tiae</strong></span> <span class='ocrx_word' id='word_1_83' title='bbox 151 1339 330 1405; x_wconf 68' lang='lat' dir='ltr'><strong>diminuta:</strong></span> <span class='ocrx_word' id='word_1_84' title='bbox 352 1339 551 1407; x_wconf 79' lang='lat' dir='ltr'><strong>manifestum</strong></span> <span class='ocrx_word' id='word_1_85' title='bbox 565 1349 614 1407; x_wconf 87' lang='lat' dir='ltr'><strong>est</strong></span> <span class='ocrx_word' id='word_1_86' title='bbox 633 1338 719 1427; x_wconf 90' lang='lat' dir='ltr'><strong>quod</strong></span> <span class='ocrx_word' id='word_1_87' title='bbox 741 1359 866 1426; x_wconf 88' lang='lat' dir='ltr'><strong>eorpus,</strong></span> <span class='ocrx_word' id='word_1_88' title='bbox 890 1338 1044 1427; x_wconf 82' lang='lat' dir='ltr'><strong>perpetui</strong></span> <span class='ocrx_word' id='word_1_89' title='bbox 1068 1363 1194 1408; x_wconf 75' lang='lat' dir='ltr'><strong>arcemn</strong></span> <span class='ocrx_word' id='word_1_90' title='bbox 1218 1344 1265 1409; x_wconf 89' lang='lat' dir='ltr'><strong>vis</strong></span> <span class='ocrx_word' id='word_1_91' title='bbox 1290 1344 1373 1409; x_wconf 91' lang='lat' dir='ltr'><strong>illius</strong></span> 
     </span>
    </p>
   </div>
   <div class='ocr_carea' id='block_1_3' title="bbox 81 2267 1368 3921">
    <p class='ocr_par' dir='ltr' id='par_1_4' title="bbox 81 2267 1368 3921">
     <span class='ocr_line' id='line_1_10' title="bbox 83 2267 1368 2333; baseline -0.006 -12"><span class='ocrx_word' id='word_1_92' title='bbox 83 2275 117 2321; x_wconf 81' lang='lat' dir='ltr'><strong>ais</strong></span> <span class='ocrx_word' id='word_1_93' title='bbox 126 2274 152 2320; x_wconf 83' lang='lat' dir='ltr'><strong>ia</strong></span> <span class='ocrx_word' id='word_1_94' title='bbox 163 2273 239 2333; x_wconf 78' lang='lat' dir='ltr'><strong>apside</strong></span> <span class='ocrx_word' id='word_1_95' title='bbox 249 2270 341 2321; x_wconf 74' lang='lat' dir='ltr'><strong>summi</strong></span> <span class='ocrx_word' id='word_1_96' title='bbox 352 2276 383 2319; x_wconf 83' lang='lat' dir='ltr'><strong>od</strong></span> <span class='ocrx_word' id='word_1_97' title='bbox 393 2274 472 2320; x_wconf 66' lang='lat' dir='ltr'><strong>nasia</strong></span> <span class='ocrx_word' id='word_1_98' title='bbox 478 2269 607 2333; x_wconf 80' lang='lat' dir='ltr'><strong>opsidciand</strong></span> <span class='ocrx_word' id='word_1_99' title='bbox 616 2269 712 2319; x_wconf 75' lang='lat' dir='ltr'><strong>mariani</strong></span> <span class='ocrx_word' id='word_1_100' title='bbox 742 2267 888 2332; x_wconf 83' lang='lat' dir='ltr'><strong>grediuntur,</strong></span> <span class='ocrx_word' id='word_1_101' title='bbox 899 2283 994 2330; x_wconf 84' lang='lat' dir='ltr'><strong>corpore</strong></span> <span class='ocrx_word' id='word_1_102' title='bbox 1006 2267 1028 2316; x_wconf 91' lang='lat' dir='ltr'>P</span> <span class='ocrx_word' id='word_1_103' title='bbox 1038 2267 1063 2315; x_wconf 91' lang='lat' dir='ltr'><strong>in</strong></span> <span class='ocrx_word' id='word_1_104' title='bbox 1073 2267 1172 2331; x_wconf 73' lang='lat' dir='ltr'><strong>syzygiis</strong></span> <span class='ocrx_word' id='word_1_105' title='bbox 1187 2268 1224 2316; x_wconf 86' lang='lat' dir='ltr'><strong>vei</strong></span> <span class='ocrx_word' id='word_1_106' title='bbox 1241 2283 1313 2330; x_wconf 80' lang='lat' dir='ltr'><strong>prope</strong></span> <span class='ocrx_word' id='word_1_107' title='bbox 1330 2286 1368 2332; x_wconf 76' lang='lat' dir='ltr'><strong>sy.</strong></span> 
     </span>
     <span class='ocr_line' id='line_1_11' title="bbox 83 2332 1367 2396; baseline -0.001 -13"><span class='ocrx_word' id='word_1_108' title='bbox 83 2339 165 2383; x_wconf 77' lang='lat' dir='ltr'><strong>recedit</strong></span> <span class='ocrx_word' id='word_1_109' title='bbox 176 2339 218 2383; x_wconf 81' lang='lat' dir='ltr'><strong>ari</strong></span> <span class='ocrx_word' id='word_1_110' title='bbox 261 2338 265 2348; x_wconf 90' lang='grc'><strong>’</strong></span> <span class='ocrx_word' id='word_1_111' title='bbox 278 2335 316 2384; x_wconf 78' lang='lat' dir='ltr'><strong>otti</strong></span> <span class='ocrx_word' id='word_1_112' title='bbox 333 2340 420 2384; x_wconf 79' lang='lat' dir='ltr'><strong>ratione</strong></span> <span class='ocrx_word' id='word_1_113' title='bbox 435 2339 597 2383; x_wconf 79' lang='lat' dir='ltr'><strong>distantiarum</strong></span> <span class='ocrx_word' id='word_1_114' title='bbox 613 2332 710 2387; x_wconf 64' lang='lat' dir='ltr'><strong>inaniri,</strong></span> <span class='ocrx_word' id='word_1_115' title='bbox 744 2332 821 2396; x_wconf 86' lang='lat' dir='ltr'><strong>zygias</strong></span> <span class='ocrx_word' id='word_1_116' title='bbox 839 2342 949 2379; x_wconf 72' lang='lat' dir='ltr'><strong>amante.</strong></span> <span class='ocrx_word' id='word_1_117' title='bbox 992 2333 1059 2380; x_wconf 90' lang='lat' dir='ltr'><strong>Dum</strong></span> <span class='ocrx_word' id='word_1_118' title='bbox 1077 2347 1131 2379; x_wconf 83' lang='lat' dir='ltr'><strong>vero</strong></span> <span class='ocrx_word' id='word_1_119' title='bbox 1149 2347 1232 2393; x_wconf 84' lang='lat' dir='ltr'><strong>eorpus</strong></span> <span class='ocrx_word' id='word_1_120' title='bbox 1251 2333 1272 2380; x_wconf 85' lang='grc' dir='ltr'><strong>Ρ</strong></span> <span class='ocrx_word' id='word_1_121' title='bbox 1290 2344 1325 2380; x_wconf 87' lang='lat' dir='ltr'><strong>est</strong></span> <span class='ocrx_word' id='word_1_122' title='bbox 1342 2336 1367 2382; x_wconf 87' lang='lat' dir='ltr'><strong>iu</strong></span> 
     </span>
     <span class='ocr_line' id='line_1_12' title="bbox 83 2395 1366 2461; baseline 0.002 -17"><span class='ocrx_word' id='word_1_123' title='bbox 83 2397 154 2459; x_wconf 82' lang='lat' dir='ltr'><strong>porrd</strong></span> <span class='ocrx_word' id='word_1_124' title='bbox 164 2398 223 2445; x_wconf 92' lang='lat' dir='ltr'><strong>dum</strong></span> <span class='ocrx_word' id='word_1_125' title='bbox 243 2400 296 2446; x_wconf 88' lang='lat' dir='ltr'><strong>&#39;nea</strong></span> <span class='ocrx_word' id='word_1_126' title='bbox 305 2399 411 2459; x_wconf 85' lang='lat' dir='ltr'><strong>apsidum</strong></span> <span class='ocrx_word' id='word_1_127' title='bbox 423 2415 464 2447; x_wconf 88' lang='lat' dir='ltr'><strong>seu</strong></span> <span class='ocrx_word' id='word_1_128' title='bbox 475 2400 550 2461; x_wconf 83' lang='lat' dir='ltr'><strong>major</strong></span> <span class='ocrx_word' id='word_1_129' title='bbox 559 2399 609 2445; x_wconf 83' lang='lat' dir='ltr'><strong>aris</strong></span> <span class='ocrx_word' id='word_1_130' title='bbox 619 2398 709 2458; x_wconf 83' lang='lat' dir='ltr'><strong>ellipse·</strong></span> <span class='ocrx_word' id='word_1_131' title='bbox 741 2396 887 2457; x_wconf 62' lang='lat' dir='ltr'><strong>madentis</strong></span> <span class='ocrx_word' id='word_1_132' title='bbox 899 2397 928 2452; x_wconf 89' lang='lat' dir='ltr'><strong>C,</strong></span> <span class='ocrx_word' id='word_1_133' title='bbox 942 2396 975 2452; x_wconf 88' lang='lat' dir='ltr'><strong>D,</strong></span> <span class='ocrx_word' id='word_1_134' title='bbox 986 2395 1013 2443; x_wconf 89' lang='lat' dir='ltr'><strong>tit</strong></span> <span class='ocrx_word' id='word_1_135' title='bbox 1020 2396 1055 2440; x_wconf 83' lang='lat' dir='ltr'><strong>vis</strong></span> <span class='ocrx_word' id='word_1_136' title='bbox 1065 2395 1086 2442; x_wconf 78' lang='lat'><strong>1.</strong></span> <span class='ocrx_word' id='word_1_137' title='bbox 1096 2397 1124 2443; x_wconf 85' lang='lat' dir='ltr'>M</span> <span class='ocrx_word' id='word_1_138' title='bbox 1133 2414 1168 2441; x_wconf 92' lang='lat'><em>=</em></span> <span class='ocrx_word' id='word_1_139' title='bbox 1178 2396 1198 2444; x_wconf 89' lang='lat' dir='ltr'>C</span> <span class='ocrx_word' id='word_1_140' title='bbox 1207 2397 1236 2452; x_wconf 95' lang='lat' dir='ltr'><strong>T,</strong></span> <span class='ocrx_word' id='word_1_141' title='bbox 1247 2396 1285 2444; x_wconf 83' lang='lat' dir='ltr'><strong>vel</strong></span> <span class='ocrx_word' id='word_1_142' title='bbox 1295 2398 1319 2444; x_wconf 91' lang='lat' dir='ltr'>D</span> <span class='ocrx_word' id='word_1_143' title='bbox 1330 2400 1366 2455; x_wconf 80' lang='lat' dir='ltr'><strong>T3</strong></span> 
     </span>
     <span class='ocr_line' id='line_1_13' title="bbox 82 2458 1368 2526; baseline 0.001 -18"><span class='ocrx_word' id='word_1_144' title='bbox 82 2478 109 2508; x_wconf 91' lang='lat' dir='ltr'><strong>os</strong></span> <span class='ocrx_word' id='word_1_145' title='bbox 123 2464 144 2510; x_wconf 91' lang='lat' dir='ltr'><strong>B</strong></span> <span class='ocrx_word' id='word_1_146' title='bbox 159 2464 213 2509; x_wconf 90' lang='lat' dir='ltr'><strong>CA</strong></span> <span class='ocrx_word' id='word_1_147' title='bbox 229 2463 261 2519; x_wconf 90' lang='lat' dir='ltr'><strong>D,</strong></span> <span class='ocrx_word' id='word_1_148' title='bbox 273 2464 341 2526; x_wconf 88' lang='lat' dir='ltr'><strong>cujus</strong></span> <span class='ocrx_word' id='word_1_149' title='bbox 351 2463 476 2510; x_wconf 73' lang='lat' dir='ltr'><strong>umbilicus</strong></span> <span class='ocrx_word' id='word_1_150' title='bbox 486 2472 521 2511; x_wconf 89' lang='lat' dir='ltr'><strong>est</strong></span> <span class='ocrx_word' id='word_1_151' title='bbox 533 2463 561 2514; x_wconf 90' lang='lat' dir='ltr'><strong>T,</strong></span> <span class='ocrx_word' id='word_1_152' title='bbox 578 2462 603 2508; x_wconf 91' lang='lat' dir='ltr'><strong>in</strong></span> <span class='ocrx_word' id='word_1_153' title='bbox 613 2462 711 2525; x_wconf 85' lang='lat' dir='ltr'><strong>syrygiis</strong></span> <span class='ocrx_word' id='word_1_154' title='bbox 744 2459 789 2507; x_wconf 81' lang='lat' dir='ltr'><strong>Est</strong></span> <span class='ocrx_word' id='word_1_155' title='bbox 799 2470 877 2507; x_wconf 89' lang='lat' dir='ltr'><strong>autem</strong></span> <span class='ocrx_word' id='word_1_156' title='bbox 888 2475 916 2507; x_wconf 83' lang='lat' dir='ltr'><strong>ex</strong></span> <span class='ocrx_word' id='word_1_157' title='bbox 928 2459 1011 2507; x_wconf 85' lang='lat' dir='ltr'><strong>naturti</strong></span> <span class='ocrx_word' id='word_1_158' title='bbox 1027 2458 1139 2519; x_wconf 89' lang='lat' dir='ltr'><strong>ellipseos,</strong></span> <span class='ocrx_word' id='word_1_159' title='bbox 1151 2475 1243 2507; x_wconf 88' lang='lat' dir='ltr'><strong>summa</strong></span> <span class='ocrx_word' id='word_1_160' title='bbox 1253 2459 1368 2509; x_wconf 85' lang='lat' dir='ltr'><strong>linearum</strong></span> 
     </span>
     <span class='ocr_line' id='line_1_14' title="bbox 86 2521 1368 2587; baseline -0.001 -15"><span class='ocrx_word' id='word_1_161' title='bbox 86 2529 118 2582; x_wconf 80' lang='lat' dir='ltr'><strong>A,</strong></span> <span class='ocrx_word' id='word_1_162' title='bbox 134 2527 276 2581; x_wconf 83' lang='lat' dir='ltr'><strong>Bvcraatur,</strong></span> <span class='ocrx_word' id='word_1_163' title='bbox 293 2526 353 2572; x_wconf 87' lang='lat' dir='ltr'><strong>ratio</strong></span> <span class='ocrx_word' id='word_1_164' title='bbox 363 2526 397 2572; x_wconf 83' lang='lat' dir='ltr'><strong>ris</strong></span> <span class='ocrx_word' id='word_1_165' title='bbox 408 2527 479 2574; x_wconf 90' lang='lat' dir='ltr'><strong>totius</strong></span> <span class='ocrx_word' id='word_1_166' title='bbox 489 2525 591 2584; x_wconf 88' lang='lat' dir='ltr'><strong>corporis</strong></span> <span class='ocrx_word' id='word_1_167' title='bbox 603 2524 625 2573; x_wconf 85' lang='lat' dir='ltr'>P</span> <span class='ocrx_word' id='word_1_168' title='bbox 635 2526 659 2570; x_wconf 90' lang='lat' dir='ltr'><strong>in</strong></span> <span class='ocrx_word' id='word_1_169' title='bbox 671 2543 711 2584; x_wconf 85' lang='lat' dir='ltr'><strong>ap·</strong></span> <span class='ocrx_word' id='word_1_170' title='bbox 746 2522 766 2571; x_wconf 85' lang='lat' dir='ltr'>C</span> <span class='ocrx_word' id='word_1_171' title='bbox 778 2523 808 2580; x_wconf 86' lang='lat' dir='ltr'><strong>T,</strong></span> <span class='ocrx_word' id='word_1_172' title='bbox 823 2524 847 2571; x_wconf 91' lang='lat' dir='ltr'>D</span> <span class='ocrx_word' id='word_1_173' title='bbox 860 2522 889 2575; x_wconf 86' lang='lat' dir='ltr'><strong>T.</strong></span> <span class='ocrx_word' id='word_1_174' title='bbox 900 2525 1006 2570; x_wconf 84' lang='lat' dir='ltr'><strong>omnium</strong></span> <span class='ocrx_word' id='word_1_175' title='bbox 1018 2522 1130 2579; x_wconf 84' lang='lat' dir='ltr'><strong>minims;</strong></span> <span class='ocrx_word' id='word_1_176' title='bbox 1147 2521 1219 2584; x_wconf 79' lang='lat' dir='ltr'><strong>quari</strong></span> <span class='ocrx_word' id='word_1_177' title='bbox 1235 2523 1260 2570; x_wconf 92' lang='lat' dir='ltr'><strong>in</strong></span> <span class='ocrx_word' id='word_1_178' title='bbox 1277 2524 1368 2587; x_wconf 76' lang='lat' dir='ltr'><strong>integri</strong></span> 
     </span>
     <span class='ocr_line' id='line_1_15' title="bbox 82 2586 1368 2652; baseline 0.002 -17"><span class='ocrx_word' id='word_1_179' title='bbox 82 2590 132 2636; x_wconf 89' lang='lat' dir='ltr'><strong>side</strong></span> <span class='ocrx_word' id='word_1_180' title='bbox 144 2588 236 2636; x_wconf 75' lang='lat' dir='ltr'><strong>summi</strong></span> <span class='ocrx_word' id='word_1_181' title='bbox 247 2589 315 2649; x_wconf 84' lang='lat' dir='ltr'><strong>positi</strong></span> <span class='ocrx_word' id='word_1_182' title='bbox 326 2589 356 2637; x_wconf 91' lang='lat' dir='ltr'><strong>ad</strong></span> <span class='ocrx_word' id='word_1_183' title='bbox 364 2591 412 2637; x_wconf 88' lang='lat' dir='ltr'><strong>vim</strong></span> <span class='ocrx_word' id='word_1_184' title='bbox 423 2590 473 2652; x_wconf 84' lang='lat' dir='ltr'><strong>ejus</strong></span> <span class='ocrx_word' id='word_1_185' title='bbox 483 2590 507 2636; x_wconf 91' lang='lat' dir='ltr'><strong>in</strong></span> <span class='ocrx_word' id='word_1_186' title='bbox 517 2589 596 2648; x_wconf 82' lang='lat' dir='ltr'><strong>apside</strong></span> <span class='ocrx_word' id='word_1_187' title='bbox 606 2589 654 2636; x_wconf 76' lang='lat' dir='ltr'><strong>imi</strong></span> <span class='ocrx_word' id='word_1_188' title='bbox 661 2602 712 2636; x_wconf 88' lang='lat' dir='ltr'><strong>ver.</strong></span> <span class='ocrx_word' id='word_1_189' title='bbox 743 2587 845 2647; x_wconf 86' lang='lat' dir='ltr'><strong>corporis</strong></span> <span class='ocrx_word' id='word_1_190' title='bbox 856 2586 878 2634; x_wconf 85' lang='lat' dir='ltr'>P</span> <span class='ocrx_word' id='word_1_191' title='bbox 887 2587 1039 2643; x_wconf 81' lang='lat' dir='ltr'><strong>revointioue,</strong></span> <span class='ocrx_word' id='word_1_192' title='bbox 1046 2586 1136 2647; x_wconf 85' lang='lat' dir='ltr'><strong>apsides</strong></span> <span class='ocrx_word' id='word_1_193' title='bbox 1143 2586 1231 2634; x_wconf 80' lang='lat' dir='ltr'><strong>viribus</strong></span> <span class='ocrx_word' id='word_1_194' title='bbox 1240 2588 1261 2637; x_wconf 87' lang='lat' dir='ltr'>C</span> <span class='ocrx_word' id='word_1_195' title='bbox 1270 2588 1299 2642; x_wconf 89' lang='grc' dir='ltr'><strong>Τ,</strong></span> <span class='ocrx_word' id='word_1_196' title='bbox 1310 2590 1334 2636; x_wconf 88' lang='lat' dir='ltr'>D</span> <span class='ocrx_word' id='word_1_197' title='bbox 1344 2589 1368 2638; x_wconf 84' lang='lat' dir='ltr'><strong>&#39;i&#39;</strong></span> 
     </span>
     <span class='ocr_line' id='line_1_16' title="bbox 82 2648 1368 2778; baseline -0.002 -15"><span class='ocrx_word' id='word_1_198' title='bbox 82 2652 250 2764; x_wconf 65' lang='grc'><strong>11111111</strong></span> <span class='ocrx_word' id='word_1_199' title='bbox 259 2652 712 2778; x_wconf 57' lang='lat' dir='ltr'><strong>„ndnmr</strong></span> <span class='ocrx_word' id='word_1_200' title='bbox 744 2648 1368 2778; x_wconf 48' lang='lat' dir='ltr'><strong>tristantur</strong></span> 
     </span>
     <span class='ocr_line' id='line_1_17' title="bbox 766 2746 774 2770; baseline 0 0"><span class='ocrx_word' id='word_1_201' title='bbox 766 2746 774 2770; x_wconf 60' lang='grc' dir='ltr'><strong><em>ἲ</em></strong></span> 
     </span>
     <span class='ocr_line' id='line_1_18' title="bbox 85 2734 1367 2841; baseline -0.002 -15"><span class='ocrx_word' id='word_1_202' title='bbox 85 2782 138 2828; x_wconf 84' lang='lat' dir='ltr'><strong>situ.</strong></span> <span class='ocrx_word' id='word_1_203' title='bbox 172 2780 207 2827; x_wconf 90' lang='lat' dir='ltr'><strong>Sit</strong></span> <span class='ocrx_word' id='word_1_204' title='bbox 217 2781 281 2826; x_wconf 87' lang='lat' dir='ltr'><strong>enim</strong></span> <span class='ocrx_word' id='word_1_205' title='bbox 294 2782 315 2827; x_wconf 90' lang='lat' dir='ltr'>B</span> <span class='ocrx_word' id='word_1_206' title='bbox 327 2781 387 2841; x_wconf 83' lang='lat' dir='ltr'><strong>apsis</strong></span> <span class='ocrx_word' id='word_1_207' title='bbox 398 2734 496 2837; x_wconf 61' lang='lat' dir='ltr'><strong>antima,</strong></span> <span class='ocrx_word' id='word_1_208' title='bbox 511 2783 532 2826; x_wconf 99' lang='lat' dir='ltr'>A</span> <span class='ocrx_word' id='word_1_209' title='bbox 545 2781 606 2840; x_wconf 83' lang='lat' dir='ltr'><strong>apsis</strong></span> <span class='ocrx_word' id='word_1_210' title='bbox 616 2781 670 2839; x_wconf 87' lang='lat' dir='ltr'><strong>ima,</strong></span> <span class='ocrx_word' id='word_1_211' title='bbox 687 2792 711 2831; x_wconf 80' lang='lat' dir='ltr'><strong>et</strong></span> <span class='ocrx_word' id='word_1_212' title='bbox 742 2787 812 2839; x_wconf 86' lang='lat' dir='ltr'><strong>atque</strong></span> <span class='ocrx_word' id='word_1_213' title='bbox 823 2775 882 2825; x_wconf 75' lang='lat' dir='ltr'><strong>adeo</strong></span> <span class='ocrx_word' id='word_1_214' title='bbox 891 2792 998 2825; x_wconf 83' lang='lat' dir='ltr'><strong>excessus</strong></span> <span class='ocrx_word' id='word_1_215' title='bbox 1010 2792 1144 2841; x_wconf 86' lang='lat' dir='ltr'><strong>progressus</strong></span> <span class='ocrx_word' id='word_1_216' title='bbox 1154 2792 1223 2839; x_wconf 82' lang='lat' dir='ltr'><strong>supra</strong></span> <span class='ocrx_word' id='word_1_217' title='bbox 1238 2794 1367 2841; x_wconf 80' lang='lat' dir='ltr'><strong>regreamm</strong></span> 
     </span>
     <span class='ocr_line' id='line_1_19' title="bbox 84 2840 1367 2909; baseline 0.001 -20"><span class='ocrx_word' id='word_1_218' title='bbox 84 2845 127 2890; x_wconf 83' lang='lat' dir='ltr'><strong>erit</strong></span> <span class='ocrx_word' id='word_1_219' title='bbox 147 2844 207 2891; x_wconf 88' lang='grc' dir='ltr'><strong>ΤΒ</strong></span> <span class='ocrx_word' id='word_1_220' title='bbox 226 2843 334 2891; x_wconf 82' lang='lat' dir='ltr'><strong>distantia</strong></span> <span class='ocrx_word' id='word_1_221' title='bbox 349 2844 458 2898; x_wconf 85' lang='lat' dir='ltr'><strong>maxima,</strong></span> <span class='ocrx_word' id='word_1_222' title='bbox 478 2846 500 2891; x_wconf 87' lang='lat' dir='ltr'>A</span> <span class='ocrx_word' id='word_1_223' title='bbox 519 2845 541 2891; x_wconf 93' lang='lat' dir='ltr'>T</span> <span class='ocrx_word' id='word_1_224' title='bbox 556 2843 654 2891; x_wconf 86' lang='lat' dir='ltr'><strong>minima</strong></span> <span class='ocrx_word' id='word_1_225' title='bbox 669 2849 710 2909; x_wconf 79' lang='lat' dir='ltr'><strong>(ex</strong></span> <span class='ocrx_word' id='word_1_226' title='bbox 742 2841 787 2888; x_wconf 88' lang='lat' dir='ltr'><strong>erit</strong></span> <span class='ocrx_word' id='word_1_227' title='bbox 797 2840 821 2887; x_wconf 90' lang='lat' dir='ltr'><strong>in</strong></span> <span class='ocrx_word' id='word_1_228' title='bbox 831 2842 876 2888; x_wconf 86' lang='lat' dir='ltr'><strong>hoc</strong></span> <span class='ocrx_word' id='word_1_229' title='bbox 887 2855 941 2887; x_wconf 82' lang='lat' dir='ltr'><strong>casn</strong></span> <span class='ocrx_word' id='word_1_230' title='bbox 951 2841 1057 2887; x_wconf 86' lang='lat' dir='ltr'><strong>omnium</strong></span> <span class='ocrx_word' id='word_1_231' title='bbox 1069 2840 1191 2896; x_wconf 81' lang='lat' dir='ltr'><strong>maximus,</strong></span> <span class='ocrx_word' id='word_1_232' title='bbox 1209 2850 1232 2888; x_wconf 86' lang='lat' dir='ltr'><strong>et</strong></span> <span class='ocrx_word' id='word_1_233' title='bbox 1242 2842 1332 2902; x_wconf 86' lang='lat' dir='ltr'><strong>apsides</strong></span> <span class='ocrx_word' id='word_1_234' title='bbox 1342 2843 1367 2891; x_wconf 89' lang='lat' dir='ltr'><strong>in</strong></span> 
     </span>
     <span class='ocr_line' id='line_1_20' title="bbox 83 2904 1367 2972; baseline 0.002 -19"><span class='ocrx_word' id='word_1_235' title='bbox 83 2908 169 2963; x_wconf 76' lang='lat' dir='ltr'><strong>naturis</strong></span> <span class='ocrx_word' id='word_1_236' title='bbox 179 2906 306 2967; x_wconf 74' lang='lat' dir='ltr'><strong>ellipseos.)</strong></span> <span class='ocrx_word' id='word_1_237' title='bbox 341 2908 412 2955; x_wconf 81' lang='lat' dir='ltr'><strong>Undi</strong></span> <span class='ocrx_word' id='word_1_238' title='bbox 423 2922 518 2968; x_wconf 73' lang='lat' dir='ltr'><strong>corpora</strong></span> <span class='ocrx_word' id='word_1_239' title='bbox 531 2907 552 2954; x_wconf 89' lang='lat' dir='ltr'>P</span> <span class='ocrx_word' id='word_1_240' title='bbox 562 2907 588 2954; x_wconf 91' lang='lat' dir='ltr'><strong>in</strong></span> <span class='ocrx_word' id='word_1_241' title='bbox 598 2910 710 2972; x_wconf 73' lang='lat' dir='ltr'><strong>conjunc-</strong></span> <span class='ocrx_word' id='word_1_242' title='bbox 741 2904 833 2967; x_wconf 71' lang='lat' dir='ltr'><strong>integri</strong></span> <span class='ocrx_word' id='word_1_243' title='bbox 848 2906 949 2964; x_wconf 79' lang='lat' dir='ltr'><strong>corporis</strong></span> <span class='ocrx_word' id='word_1_244' title='bbox 961 2904 1137 2952; x_wconf 75' lang='lat' dir='ltr'><strong>Pmotuuone</strong></span> <span class='ocrx_word' id='word_1_245' title='bbox 1152 2904 1272 2953; x_wconf 80' lang='lat' dir='ltr'><strong>celerrimi</strong></span> <span class='ocrx_word' id='word_1_246' title='bbox 1288 2922 1367 2956; x_wconf 73' lang='lat' dir='ltr'><strong>move·</strong></span> 
     </span>
     <span class='ocr_line' id='line_1_21' title="bbox 82 2967 1368 3036; baseline 0.002 -20"><span class='ocrx_word' id='word_1_247' title='bbox 82 2971 147 3017; x_wconf 83' lang='lat' dir='ltr'><strong>tione</strong></span> <span class='ocrx_word' id='word_1_248' title='bbox 160 2972 182 3016; x_wconf 86' lang='lat' dir='ltr'>A</span> <span class='ocrx_word' id='word_1_249' title='bbox 194 2980 299 3018; x_wconf 77' lang='lat' dir='ltr'><strong>versante</strong></span> <span class='ocrx_word' id='word_1_250' title='bbox 309 2971 352 3018; x_wconf 89' lang='lat' dir='ltr'><strong>erit</strong></span> <span class='ocrx_word' id='word_1_251' title='bbox 363 2971 397 3017; x_wconf 88' lang='lat' dir='ltr'><strong>vis</strong></span> <span class='ocrx_word' id='word_1_252' title='bbox 407 2972 508 3019; x_wconf 70' lang='lat' dir='ltr'><strong>abieritis</strong></span> <span class='ocrx_word' id='word_1_253' title='bbox 520 2971 545 3018; x_wconf 88' lang='lat' dir='ltr'>K</span> <span class='ocrx_word' id='word_1_254' title='bbox 558 2971 579 3017; x_wconf 84' lang='lat' dir='ltr'>L</span> <span class='ocrx_word' id='word_1_255' title='bbox 597 2974 649 3036; x_wconf 85' lang='lat' dir='ltr'><strong>(seu</strong></span> <span class='ocrx_word' id='word_1_256' title='bbox 664 2973 710 3020; x_wconf 80' lang='lat' dir='ltr'><strong>uit.</strong></span> <span class='ocrx_word' id='word_1_257' title='bbox 742 2969 830 3015; x_wconf 82' lang='lat' dir='ltr'><strong>buntur</strong></span> <span class='ocrx_word' id='word_1_258' title='bbox 840 2967 866 3014; x_wconf 90' lang='lat' dir='ltr'><strong>in</strong></span> <span class='ocrx_word' id='word_1_259' title='bbox 877 2969 1046 3030; x_wconf 78' lang='lat' dir='ltr'><strong>consequentis.</strong></span> <span class='ocrx_word' id='word_1_260' title='bbox 1080 2969 1120 3015; x_wconf 89' lang='lat' dir='ltr'><strong>Ob</strong></span> <span class='ocrx_word' id='word_1_261' title='bbox 1135 2969 1260 3016; x_wconf 80' lang='lat' dir='ltr'><strong>contrarias</strong></span> <span class='ocrx_word' id='word_1_262' title='bbox 1275 2985 1368 3029; x_wconf 81' lang='lat' dir='ltr'><strong>prorsus</strong></span> 
     </span>
     <span class='ocr_line' id='line_1_22' title="bbox 81 3029 1366 3095; baseline 0.002 -15"><span class='ocrx_word' id='word_1_263' title='bbox 81 3035 179 3081; x_wconf 80' lang='lat' dir='ltr'><strong>ferentia</strong></span> <span class='ocrx_word' id='word_1_264' title='bbox 190 3033 274 3081; x_wconf 83' lang='lat' dir='ltr'><strong>virium</strong></span> <span class='ocrx_word' id='word_1_265' title='bbox 285 3034 474 3084; x_wconf 66' lang='lat' dir='ltr'><strong>acceleraturum</strong></span> <span class='ocrx_word' id='word_1_266' title='bbox 490 3049 612 3095; x_wconf 86' lang='lat' dir='ltr'><strong>corporum</strong></span> <span class='ocrx_word' id='word_1_267' title='bbox 625 3036 648 3083; x_wconf 87' lang='lat' dir='ltr'>T</span> <span class='ocrx_word' id='word_1_268' title='bbox 655 3045 678 3085; x_wconf 86' lang='lat' dir='ltr'><strong>et</strong></span> <span class='ocrx_word' id='word_1_269' title='bbox 688 3038 710 3085; x_wconf 86' lang='lat' dir='ltr'>P</span> <span class='ocrx_word' id='word_1_270' title='bbox 740 3046 830 3088; x_wconf 69' lang='lat' dir='ltr'><strong>uum.</strong></span> <span class='ocrx_word' id='word_1_271' title='bbox 842 3032 862 3078; x_wconf 77' lang='lat' dir='ltr'><strong>si</strong></span> <span class='ocrx_word' id='word_1_272' title='bbox 872 3031 934 3079; x_wconf 73' lang='lat' dir='ltr'><strong>linea</strong></span> <span class='ocrx_word' id='word_1_273' title='bbox 942 3031 1051 3092; x_wconf 83' lang='lat' dir='ltr'><strong>apsidum</strong></span> <span class='ocrx_word' id='word_1_274' title='bbox 1062 3031 1086 3078; x_wconf 87' lang='lat' dir='ltr'><strong>in</strong></span> <span class='ocrx_word' id='word_1_275' title='bbox 1097 3029 1244 3094; x_wconf 77' lang='lat' dir='ltr'><strong>quadraturis</strong></span> <span class='ocrx_word' id='word_1_276' title='bbox 1249 3037 1324 3093; x_wconf 86' lang='lat' dir='ltr'><strong>posita</strong></span> <span class='ocrx_word' id='word_1_277' title='bbox 1330 3035 1366 3091; x_wconf 87' lang='lat' dir='ltr'><strong>sit,</strong></span> 
     </span>
     <span class='ocr_line' id='line_1_23' title="bbox 82 3094 1367 3162; baseline 0.002 -19"><span class='ocrx_word' id='word_1_278' title='bbox 82 3113 161 3145; x_wconf 86' lang='lat' dir='ltr'><strong>versus</strong></span> <span class='ocrx_word' id='word_1_279' title='bbox 174 3098 201 3155; x_wconf 84' lang='lat' dir='ltr'><strong>S)</strong></span> <span class='ocrx_word' id='word_1_280' title='bbox 219 3099 325 3144; x_wconf 88' lang='lat' dir='ltr'><strong>omnium</strong></span> <span class='ocrx_word' id='word_1_281' title='bbox 336 3098 440 3152; x_wconf 86' lang='lat' dir='ltr'><strong>minima,</strong></span> <span class='ocrx_word' id='word_1_282' title='bbox 458 3113 481 3146; x_wconf 86' lang='lat' dir='ltr'><strong>er</strong></span> <span class='ocrx_word' id='word_1_283' title='bbox 492 3113 586 3158; x_wconf 86' lang='lat' dir='ltr'><strong>corpore</strong></span> <span class='ocrx_word' id='word_1_284' title='bbox 599 3099 656 3147; x_wconf 90' lang='lat' dir='ltr'><strong>Pin</strong></span> <span class='ocrx_word' id='word_1_285' title='bbox 666 3116 709 3162; x_wconf 85' lang='lat' dir='ltr'><strong>op.</strong></span> <span class='ocrx_word' id='word_1_286' title='bbox 741 3095 832 3154; x_wconf 84' lang='lat' dir='ltr'><strong>apsidea</strong></span> <span class='ocrx_word' id='word_1_287' title='bbox 848 3094 989 3142; x_wconf 78' lang='lat' dir='ltr'><strong>velocissimi</strong></span> <span class='ocrx_word' id='word_1_288' title='bbox 1006 3095 1173 3157; x_wconf 78' lang='lat' dir='ltr'><strong>regredientur,</strong></span> <span class='ocrx_word' id='word_1_289' title='bbox 1192 3112 1287 3156; x_wconf 86' lang='lat' dir='ltr'><strong>corpore</strong></span> <span class='ocrx_word' id='word_1_290' title='bbox 1304 3099 1326 3146; x_wconf 90' lang='lat' dir='ltr'>P</span> <span class='ocrx_word' id='word_1_291' title='bbox 1341 3099 1367 3146; x_wconf 91' lang='lat' dir='ltr'><strong>in</strong></span> 
     </span>
     <span class='ocr_line' id='line_1_24' title="bbox 83 3158 1368 3222; baseline 0.002 -15"><span class='ocrx_word' id='word_1_292' title='bbox 83 3163 197 3220; x_wconf 80' lang='lat' dir='ltr'><strong>positione</strong></span> <span class='ocrx_word' id='word_1_293' title='bbox 217 3161 239 3207; x_wconf 91' lang='lat' dir='ltr'>B</span> <span class='ocrx_word' id='word_1_294' title='bbox 256 3171 367 3219; x_wconf 82' lang='lat' dir='ltr'><strong>versante,</strong></span> <span class='ocrx_word' id='word_1_295' title='bbox 384 3163 428 3209; x_wconf 87' lang='lat' dir='ltr'><strong>erit</strong></span> <span class='ocrx_word' id='word_1_296' title='bbox 443 3162 573 3209; x_wconf 78' lang='lat' dir='ltr'><strong>differentia</strong></span> <span class='ocrx_word' id='word_1_297' title='bbox 589 3161 629 3209; x_wconf 86' lang='lat' dir='ltr'><strong>illa</strong></span> <span class='ocrx_word' id='word_1_298' title='bbox 648 3158 672 3211; x_wconf 83' lang='lat' dir='ltr'>K</span> <span class='ocrx_word' id='word_1_299' title='bbox 685 3164 708 3212; x_wconf 75' lang='lat'><strong>1,</strong></span> <span class='ocrx_word' id='word_1_300' title='bbox 740 3158 886 3222; x_wconf 71' lang='lat' dir='ltr'><strong>quadraturis</strong></span> <span class='ocrx_word' id='word_1_301' title='bbox 896 3167 1007 3214; x_wconf 83' lang='lat' dir='ltr'><strong>versante,</strong></span> <span class='ocrx_word' id='word_1_302' title='bbox 1020 3168 1043 3206; x_wconf 80' lang='lat' dir='ltr'><strong>et</strong></span> <span class='ocrx_word' id='word_1_303' title='bbox 1053 3158 1180 3206; x_wconf 65' lang='lat' dir='ltr'><strong>tardissimi</strong></span> <span class='ocrx_word' id='word_1_304' title='bbox 1191 3161 1368 3221; x_wconf 80' lang='lat' dir='ltr'><strong>progredientur</strong></span> 
     </span>
     <span class='ocr_line' id='line_1_25' title="bbox 83 3222 1366 3287; baseline 0.002 -17"><span class='ocrx_word' id='word_1_305' title='bbox 83 3227 189 3271; x_wconf 88' lang='lat' dir='ltr'><strong>omnium</strong></span> <span class='ocrx_word' id='word_1_306' title='bbox 207 3224 317 3271; x_wconf 84' lang='lat' dir='ltr'><strong>maxima.</strong></span> <span class='ocrx_word' id='word_1_307' title='bbox 366 3226 427 3274; x_wconf 85' lang='lat' dir='ltr'><strong>Cum</strong></span> <span class='ocrx_word' id='word_1_308' title='bbox 445 3235 522 3272; x_wconf 87' lang='lat' dir='ltr'><strong>autem</strong></span> <span class='ocrx_word' id='word_1_309' title='bbox 540 3228 571 3273; x_wconf 90' lang='lat' dir='ltr'><strong>ob</strong></span> <span class='ocrx_word' id='word_1_310' title='bbox 588 3226 708 3287; x_wconf 82' lang='lat' dir='ltr'><strong>ingentem</strong></span> <span class='ocrx_word' id='word_1_311' title='bbox 740 3222 1366 3287; x_wconf 70' lang='lat' dir='ltr'><strong>corporo1²insyzygtuexistenteetexhteuutque</strong></span> 
     </span>
     <span class='ocr_line' id='line_1_26' title="bbox 81 3285 1365 3351; baseline 0.002 -17"><span class='ocrx_word' id='word_1_312' title='bbox 81 3290 183 3349; x_wconf 86' lang='lat' dir='ltr'><strong>eorporis</strong></span> <span class='ocrx_word' id='word_1_313' title='bbox 200 3288 217 3335; x_wconf 88' lang='lat' dir='ltr'>S</span> <span class='ocrx_word' id='word_1_314' title='bbox 233 3288 365 3336; x_wconf 80' lang='lat' dir='ltr'><strong>distantiam</strong></span> <span class='ocrx_word' id='word_1_315' title='bbox 382 3292 422 3351; x_wconf 84' lang='lat' dir='ltr'><strong>(cx</strong></span> <span class='ocrx_word' id='word_1_316' title='bbox 435 3289 514 3349; x_wconf 80' lang='lat' dir='ltr'><strong>Hyp.)</strong></span> <span class='ocrx_word' id='word_1_317' title='bbox 531 3290 562 3335; x_wconf 88' lang='lat' dir='ltr'><strong>ait</strong></span> <span class='ocrx_word' id='word_1_318' title='bbox 579 3289 628 3338; x_wconf 82' lang='lat' dir='ltr'><strong>seri</strong></span> <span class='ocrx_word' id='word_1_319' title='bbox 648 3291 673 3338; x_wconf 88' lang='lat' dir='ltr'>K</span> <span class='ocrx_word' id='word_1_320' title='bbox 685 3292 709 3339; x_wconf 82' lang='lat' dir='ltr'>L</span> <span class='ocrx_word' id='word_1_321' title='bbox 740 3285 810 3334; x_wconf 70' lang='lat' dir='ltr'><strong>musi</strong></span> <span class='ocrx_word' id='word_1_322' title='bbox 821 3286 871 3333; x_wconf 85' lang='lat' dir='ltr'><strong>deri</strong></span> <span class='ocrx_word' id='word_1_323' title='bbox 880 3287 965 3346; x_wconf 82' lang='lat' dir='ltr'><strong>poterit</strong></span> <span class='ocrx_word' id='word_1_324' title='bbox 973 3298 1000 3334; x_wconf 86' lang='lat' dir='ltr'><strong>ut</strong></span> <span class='ocrx_word' id='word_1_325' title='bbox 1007 3286 1033 3333; x_wconf 92' lang='lat' dir='ltr'><strong>in</strong></span> <span class='ocrx_word' id='word_1_326' title='bbox 1041 3286 1130 3348; x_wconf 77' lang='lat' dir='ltr'><strong>integri</strong></span> <span class='ocrx_word' id='word_1_327' title='bbox 1137 3288 1240 3346; x_wconf 84' lang='lat' dir='ltr'><strong>corporis</strong></span> <span class='ocrx_word' id='word_1_328' title='bbox 1249 3288 1365 3336; x_wconf 80' lang='lat' dir='ltr'><strong>Peircurn</strong></span> 
     </span>
     <span class='ocr_line' id='line_1_27' title="bbox 82 3349 1364 3416; baseline 0.002 -18"><span class='ocrx_word' id='word_1_329' title='bbox 82 3352 112 3398; x_wconf 90' lang='lat' dir='ltr'><strong>ad</strong></span> <span class='ocrx_word' id='word_1_330' title='bbox 128 3352 165 3398; x_wconf 82' lang='lat' dir='ltr'><strong>kt</strong></span> <span class='ocrx_word' id='word_1_331' title='bbox 182 3361 210 3398; x_wconf 92' lang='lat' dir='ltr'><strong>ut</strong></span> <span class='ocrx_word' id='word_1_332' title='bbox 222 3353 244 3398; x_wconf 89' lang='lat' dir='ltr'>A</span> <span class='ocrx_word' id='word_1_333' title='bbox 259 3352 321 3399; x_wconf 90' lang='lat' dir='ltr'><strong>Tad</strong></span> <span class='ocrx_word' id='word_1_334' title='bbox 335 3354 357 3398; x_wconf 87' lang='lat' dir='ltr'>T</span> <span class='ocrx_word' id='word_1_335' title='bbox 370 3354 390 3400; x_wconf 87' lang='grc' dir='ltr'>Β</span> <span class='ocrx_word' id='word_1_336' title='bbox 404 3353 473 3416; x_wconf 83' lang='grc'>(501)</span> <span class='ocrx_word' id='word_1_337' title='bbox 491 3353 549 3400; x_wconf 83' lang='lat' dir='ltr'><strong>ratio</strong></span> <span class='ocrx_word' id='word_1_338' title='bbox 559 3353 594 3399; x_wconf 83' lang='lat' dir='ltr'><strong>via</strong></span> <span class='ocrx_word' id='word_1_339' title='bbox 608 3354 709 3414; x_wconf 82' lang='lat' dir='ltr'><strong>corporis</strong></span> <span class='ocrx_word' id='word_1_340' title='bbox 742 3349 765 3396; x_wconf 89' lang='grc' dir='ltr'><strong>Τ</strong></span> <span class='ocrx_word' id='word_1_341' title='bbox 775 3349 924 3404; x_wconf 80' lang='lat' dir='ltr'><strong>revolutione,</strong></span> <span class='ocrx_word' id='word_1_342' title='bbox 936 3364 1055 3411; x_wconf 78' lang='lat' dir='ltr'><strong>regretms</strong></span> <span class='ocrx_word' id='word_1_343' title='bbox 1064 3349 1170 3410; x_wconf 87' lang='lat' dir='ltr'><strong>apsidum</strong></span> <span class='ocrx_word' id='word_1_344' title='bbox 1181 3360 1273 3411; x_wconf 88' lang='lat' dir='ltr'><strong>superet</strong></span> <span class='ocrx_word' id='word_1_345' title='bbox 1283 3367 1364 3401; x_wconf 88' lang='lat' dir='ltr'><strong>eornm</strong></span> 
     </span>
     <span class='ocr_line' id='line_1_28' title="bbox 83 3412 1365 3478; baseline 0 -16"><span class='ocrx_word' id='word_1_346' title='bbox 83 3415 141 3462; x_wconf 85' lang='lat' dir='ltr'><strong>Pin</strong></span> <span class='ocrx_word' id='word_1_347' title='bbox 155 3418 177 3463; x_wconf 92' lang='lat' dir='ltr'>A</span> <span class='ocrx_word' id='word_1_348' title='bbox 189 3416 300 3463; x_wconf 78' lang='lat' dir='ltr'><strong>versantis</strong></span> <span class='ocrx_word' id='word_1_349' title='bbox 310 3415 340 3463; x_wconf 85' lang='lat' dir='ltr'><strong>ud</strong></span> <span class='ocrx_word' id='word_1_350' title='bbox 356 3417 402 3463; x_wconf 89' lang='lat' dir='ltr'><strong>vim</strong></span> <span class='ocrx_word' id='word_1_351' title='bbox 421 3417 485 3464; x_wconf 90' lang='lat' dir='ltr'><strong>illius</strong></span> <span class='ocrx_word' id='word_1_352' title='bbox 502 3415 527 3463; x_wconf 90' lang='lat' dir='ltr'><strong>in</strong></span> <span class='ocrx_word' id='word_1_353' title='bbox 541 3417 562 3464; x_wconf 91' lang='lat' dir='ltr'>B</span> <span class='ocrx_word' id='word_1_354' title='bbox 574 3416 649 3478; x_wconf 79' lang='lat' dir='ltr'><strong>positi,</strong></span> <span class='ocrx_word' id='word_1_355' title='bbox 667 3434 708 3466; x_wconf 73' lang='lat' dir='ltr'><strong>ex.</strong></span> <span class='ocrx_word' id='word_1_356' title='bbox 739 3427 895 3476; x_wconf 89' lang='lat' dir='ltr'><strong>progressum,</strong></span> <span class='ocrx_word' id='word_1_357' title='bbox 907 3412 1050 3475; x_wconf 68' lang='lat' dir='ltr'><strong>proindeque</strong></span> <span class='ocrx_word' id='word_1_358' title='bbox 1060 3423 1088 3460; x_wconf 89' lang='lat' dir='ltr'><strong>ut</strong></span> <span class='ocrx_word' id='word_1_359' title='bbox 1097 3413 1188 3472; x_wconf 78' lang='lat' dir='ltr'><strong>apsides</strong></span> <span class='ocrx_word' id='word_1_360' title='bbox 1194 3415 1220 3460; x_wconf 90' lang='lat' dir='ltr'><strong>iu</strong></span> <span class='ocrx_word' id='word_1_361' title='bbox 1228 3415 1365 3462; x_wconf 84' lang='lat' dir='ltr'><strong>anteceden-</strong></span> 
     </span>
     <span class='ocr_line' id='line_1_29' title="bbox 543 3476 1366 3538; baseline 0 -12"><span class='ocrx_word' id='word_1_362' title='bbox 543 3482 560 3526; x_wconf 91' lang='lat' dir='ltr'>b</span> <span class='ocrx_word' id='word_1_363' title='bbox 740 3476 773 3524; x_wconf 88' lang='lat' dir='ltr'><strong>tia</strong></span> <span class='ocrx_word' id='word_1_364' title='bbox 784 3477 901 3533; x_wconf 63' lang='lat' dir='ltr'><strong>ferentum</strong></span> <span class='ocrx_word' id='word_1_365' title='bbox 919 3476 1087 3538; x_wconf 83' lang='lat' dir='ltr'><strong>sedquoniam,</strong></span> <span class='ocrx_word' id='word_1_366' title='bbox 1107 3477 1195 3524; x_wconf 82' lang='lat' dir='ltr'><strong>caeteris</strong></span> <span class='ocrx_word' id='word_1_367' title='bbox 1213 3479 1313 3538; x_wconf 90' lang='lat' dir='ltr'><strong>paribus,</strong></span> <span class='ocrx_word' id='word_1_368' title='bbox 1332 3481 1366 3527; x_wconf 82' lang='lat' dir='ltr'><strong>via</strong></span> 
     </span>
     <span class='ocr_line' id='line_1_30' title="bbox 232 3602 1366 3669; baseline 0.003 -19"><span class='ocrx_word' id='word_1_369' title='bbox 232 3623 249 3669; x_wconf 71' lang='lat' dir='ltr'><strong>b</strong></span> <span class='ocrx_word' id='word_1_370' title='bbox 644 3628 648 3639; x_wconf 92' lang='lat'>·</span> <span class='ocrx_word' id='word_1_371' title='bbox 738 3619 785 3666; x_wconf 91' lang='lat' dir='ltr'><strong>gus</strong></span> <span class='ocrx_word' id='word_1_372' title='bbox 802 3603 903 3665; x_wconf 84' lang='lat' dir='ltr'><strong>corporis</strong></span> <span class='ocrx_word' id='word_1_373' title='bbox 966 3602 1057 3651; x_wconf 84' lang='lat' dir='ltr'><strong>inducit</strong></span> <span class='ocrx_word' id='word_1_374' title='bbox 1075 3614 1112 3652; x_wconf 87' lang='lat' dir='ltr'><strong>est</strong></span> <span class='ocrx_word' id='word_1_375' title='bbox 1132 3605 1202 3666; x_wconf 85' lang='lat'>(500)</span> <span class='ocrx_word' id='word_1_376' title='bbox 1225 3605 1274 3653; x_wconf 83' lang='lat' dir='ltr'><strong>iere</strong></span> <span class='ocrx_word' id='word_1_377' title='bbox 1292 3606 1366 3667; x_wconf 93' lang='lat' dir='ltr'><strong>duplo</strong></span> 
     </span>
     <span class='ocr_line' id='line_1_31' title="bbox 82 3659 1364 3749; baseline 0.008 -42"><span class='ocrx_word' id='word_1_378' title='bbox 82 3660 104 3706; x_wconf 89' lang='lat' dir='ltr'>A</span> <span class='ocrx_word' id='word_1_379' title='bbox 118 3659 277 3749; x_wconf 65' lang='grc' dir='ltr'><strong>Τ,1(1ῑ,-Β--1</strong></span> <span class='ocrx_word' id='word_1_380' title='bbox 290 3665 385 3719; x_wconf 78' lang='grc' dir='ltr'><strong>-οχ</strong></span> <span class='ocrx_word' id='word_1_381' title='bbox 399 3661 465 3720; x_wconf 83' lang='grc' dir='ltr'><strong>ΤΒ,</strong></span> <span class='ocrx_word' id='word_1_382' title='bbox 485 3661 519 3726; x_wconf 87' lang='lat' dir='ltr'><strong>(si</strong></span> <span class='ocrx_word' id='word_1_383' title='bbox 536 3661 596 3709; x_wconf 82' lang='lat' dir='ltr'><strong>ratio</strong></span> <span class='ocrx_word' id='word_1_384' title='bbox 613 3662 629 3708; x_wconf 93' lang='lat' dir='ltr'>b</span> <span class='ocrx_word' id='word_1_385' title='bbox 646 3662 708 3711; x_wconf 79' lang='lat' dir='ltr'><strong>ade</strong></span> <span class='ocrx_word' id='word_1_386' title='bbox 737 3666 1364 3730; x_wconf 74' lang='lat' dir='ltr'><strong>majorviadjectitiiLMqureapsidtmregressum</strong></span> 
     </span>
     <span class='ocr_line' id='line_1_32' title="bbox 738 3730 1365 3794; baseline 0.006 -17"><span class='ocrx_word' id='word_1_387' title='bbox 738 3730 764 3777; x_wconf 92' lang='lat' dir='ltr'><strong>in</strong></span> <span class='ocrx_word' id='word_1_388' title='bbox 774 3730 920 3792; x_wconf 85' lang='lat' dir='ltr'><strong>quadraturis</strong></span> <span class='ocrx_word' id='word_1_389' title='bbox 929 3730 1031 3792; x_wconf 83' lang='lat' dir='ltr'><strong>eorporis</strong></span> <span class='ocrx_word' id='word_1_390' title='bbox 1045 3732 1065 3777; x_wconf 88' lang='lat' dir='ltr'>P</span> <span class='ocrx_word' id='word_1_391' title='bbox 1075 3731 1189 3792; x_wconf 90' lang='lat' dir='ltr'><strong>producit,</strong></span> <span class='ocrx_word' id='word_1_392' title='bbox 1205 3748 1300 3780; x_wconf 81' lang='lat' dir='ltr'><strong>excessu</strong></span> <span class='ocrx_word' id='word_1_393' title='bbox 1311 3749 1365 3794; x_wconf 88' lang='lat' dir='ltr'><strong>pro·</strong></span> 
     </span>
     <span class='ocr_line' id='line_1_33' title="bbox 738 3793 1366 3858; baseline 0.005 -17"><span class='ocrx_word' id='word_1_394' title='bbox 738 3793 831 3857; x_wconf 81' lang='lat' dir='ltr'><strong>gressis</strong></span> <span class='ocrx_word' id='word_1_395' title='bbox 841 3794 912 3855; x_wconf 85' lang='lat' dir='ltr'><strong>aupri</strong></span> <span class='ocrx_word' id='word_1_396' title='bbox 921 3810 1060 3857; x_wconf 82' lang='lat' dir='ltr'><strong>regressum,</strong></span> <span class='ocrx_word' id='word_1_397' title='bbox 1078 3795 1168 3854; x_wconf 87' lang='lat' dir='ltr'><strong>apsides</strong></span> <span class='ocrx_word' id='word_1_398' title='bbox 1185 3797 1366 3858; x_wconf 86' lang='lat' dir='ltr'><strong>pmgrcdiuutur</strong></span> 
     </span>
     <span class='ocr_line' id='line_1_34' title="bbox 736 3856 1365 3921; baseline 0.008 -17"><span class='ocrx_word' id='word_1_399' title='bbox 736 3859 762 3905; x_wconf 90' lang='lat' dir='ltr'><strong>in</strong></span> <span class='ocrx_word' id='word_1_400' title='bbox 773 3856 863 3921; x_wconf 83' lang='lat' dir='ltr'><strong>integri</strong></span> <span class='ocrx_word' id='word_1_401' title='bbox 873 3858 910 3905; x_wconf 83' lang='lat' dir='ltr'><strong>sui</strong></span> <span class='ocrx_word' id='word_1_402' title='bbox 920 3859 1065 3906; x_wconf 86' lang='lat' dir='ltr'><strong>revolutione</strong></span> <span class='ocrx_word' id='word_1_403' title='bbox 1075 3859 1163 3906; x_wconf 86' lang='lat' dir='ltr'><strong>circum</strong></span> <span class='ocrx_word' id='word_1_404' title='bbox 1176 3860 1206 3914; x_wconf 90' lang='lat' dir='ltr'><strong>T,</strong></span> <span class='ocrx_word' id='word_1_405' title='bbox 1223 3861 1266 3907; x_wconf 86' lang='lat' dir='ltr'><strong>boc</strong></span> <span class='ocrx_word' id='word_1_406' title='bbox 1277 3870 1318 3917; x_wconf 89' lang='lat' dir='ltr'><strong>est,</strong></span> <span class='ocrx_word' id='word_1_407' title='bbox 1336 3877 1365 3909; x_wconf 87' lang='lat' dir='ltr'><strong>eo</strong></span> 
     </span>
    </p>
   </div>
   <div class='ocr_carea' id='block_1_4' title="bbox 80 3516 1365 3650">
    <p class='ocr_par' dir='ltr' id='par_1_5' title="bbox 80 3516 1365 3650">
     <span class='ocr_line' id='line_1_35' title="bbox 80 3516 1365 3650; baseline 0.033 -88"><span class='ocrx_word' id='word_1_408' title='bbox 80 3518 149 3578; x_wconf 90' lang='lat' dir='ltr'><strong>primi</strong></span> <span class='ocrx_word' id='word_1_409' title='bbox 160 3516 198 3565; x_wconf 84' lang='lat' dir='ltr'><strong>hic</strong></span> <span class='ocrx_word' id='word_1_410' title='bbox 213 3517 298 3579; x_wconf 83' lang='lat' dir='ltr'><strong>poterit</strong></span> <span class='ocrx_word' id='word_1_411' title='bbox 316 3532 358 3580; x_wconf 79' lang='lat' dir='ltr'><strong>pet</strong></span> <span class='ocrx_word' id='word_1_412' title='bbox 371 3518 487 3567; x_wconf 83' lang='lat' dir='ltr'><strong>rationem</strong></span> <span class='ocrx_word' id='word_1_413' title='bbox 504 3543 590 3607; x_wconf 57' lang='lat' dir='ltr'><em>W</em></span> <span class='ocrx_word' id='word_1_414' title='bbox 605 3545 639 3559; x_wconf 91' lang='lat'><strong>··</strong></span> <span class='ocrx_word' id='word_1_415' title='bbox 653 3533 668 3568; x_wconf 63' lang='grc' dir='ltr'><strong>θ</strong></span> <span class='ocrx_word' id='word_1_416' title='bbox 680 3527 705 3579; x_wconf 82' lang='grc' dir='ltr'>Χ</span> <span class='ocrx_word' id='word_1_417' title='bbox 738 3539 842 3588; x_wconf 81' lang='lat' dir='ltr'><strong>abiatitia</strong></span> <span class='ocrx_word' id='word_1_418' title='bbox 853 3540 879 3588; x_wconf 82' lang='lat' dir='ltr'>K</span> <span class='ocrx_word' id='word_1_419' title='bbox 892 3540 915 3587; x_wconf 78' lang='lat' dir='ltr'>L</span> <span class='ocrx_word' id='word_1_420' title='bbox 923 3555 979 3650; x_wconf 64' lang='lat' dir='ltr'><strong>qut·</strong></span> <span class='ocrx_word' id='word_1_421' title='bbox 988 3554 1134 3604; x_wconf 59' lang='lat' dir='ltr'><strong>prozimum</strong></span> <span class='ocrx_word' id='word_1_422' title='bbox 1145 3540 1248 3600; x_wconf 59' lang='lat' dir='ltr'><strong>aididem</strong></span> <span class='ocrx_word' id='word_1_423' title='bbox 1264 3543 1289 3588; x_wconf 66' lang='lat'><strong>5¹¹</strong></span> <span class='ocrx_word' id='word_1_424' title='bbox 1300 3559 1365 3604; x_wconf 73' lang='lat'><em>⁵5¹5·</em></span> 
     </span>
    </p>
   </div>
   <div class='ocr_carea' id='block_1_5' title="bbox 79 3762 707 3889">
    <p class='ocr_par' dir='ltr' id='par_1_6' title="bbox 79 3762 707 3889">
     <span class='ocr_line' id='line_1_36' title="bbox 79 3762 707 3825; baseline 0.006 -17"><span class='ocrx_word' id='word_1_425' title='bbox 79 3763 192 3823; x_wconf 81' lang='lat' dir='ltr'><strong>exprimat</strong></span> <span class='ocrx_word' id='word_1_426' title='bbox 202 3765 316 3811; x_wconf 85' lang='lat' dir='ltr'><strong>rationem</strong></span> <span class='ocrx_word' id='word_1_427' title='bbox 327 3762 361 3811; x_wconf 79' lang='lat' dir='ltr'><strong>ris</strong></span> <span class='ocrx_word' id='word_1_428' title='bbox 371 3764 482 3812; x_wconf 75' lang='lat' dir='ltr'><strong>absoluta</strong></span> <span class='ocrx_word' id='word_1_429' title='bbox 497 3764 608 3812; x_wconf 84' lang='lat' dir='ltr'><strong>trahentia</strong></span> <span class='ocrx_word' id='word_1_430' title='bbox 623 3778 707 3825; x_wconf 85' lang='lat' dir='ltr'><strong>corpus</strong></span> 
     </span>
     <span class='ocr_line' id='line_1_37' title="bbox 79 3826 704 3889; baseline 0.005 -16"><span class='ocrx_word' id='word_1_431' title='bbox 79 3826 103 3874; x_wconf 84' lang='grc' dir='ltr'><strong>Ρ</strong></span> <span class='ocrx_word' id='word_1_432' title='bbox 114 3843 192 3875; x_wconf 84' lang='lat' dir='ltr'><strong>versus</strong></span> <span class='ocrx_word' id='word_1_433' title='bbox 204 3828 232 3884; x_wconf 87' lang='lat' dir='ltr'><strong>T,</strong></span> <span class='ocrx_word' id='word_1_434' title='bbox 245 3828 275 3875; x_wconf 85' lang='lat' dir='ltr'><strong>sd</strong></span> <span class='ocrx_word' id='word_1_435' title='bbox 286 3828 333 3875; x_wconf 88' lang='lat' dir='ltr'><strong>vim</strong></span> <span class='ocrx_word' id='word_1_436' title='bbox 343 3829 473 3876; x_wconf 83' lang='lat' dir='ltr'><strong>absolutam</strong></span> <span class='ocrx_word' id='word_1_437' title='bbox 488 3828 615 3876; x_wconf 83' lang='lat' dir='ltr'><strong>ablatitiam</strong></span> <span class='ocrx_word' id='word_1_438' title='bbox 632 3828 658 3876; x_wconf 82' lang='lat' dir='ltr'>K</span> <span class='ocrx_word' id='word_1_439' title='bbox 670 3829 704 3889; x_wconf 80' lang='lat' dir='ltr'><strong>L)</strong></span> 
     </span>
    </p>
   </div>
   <div class='ocr_carea' id='block_1_6' title="bbox 77 3892 1364 3983">
    <p class='ocr_par' dir='ltr' id='par_1_7' title="bbox 77 3892 1364 3983">
     <span class='ocr_line' id='line_1_38' title="bbox 77 3892 1364 3983; baseline 0.019 -47"><span class='ocrx_word' id='word_1_440' title='bbox 77 3906 120 3937; x_wconf 82' lang='lat' dir='ltr'><strong>scu</strong></span> <span class='ocrx_word' id='word_1_441' title='bbox 131 3892 265 3939; x_wconf 86' lang='lat' dir='ltr'><strong>reductione</strong></span> <span class='ocrx_word' id='word_1_442' title='bbox 276 3892 306 3939; x_wconf 82' lang='lat' dir='ltr'><strong>ad</strong></span> <span class='ocrx_word' id='word_1_443' title='bbox 316 3892 417 3939; x_wconf 86' lang='lat' dir='ltr'><strong>eundem</strong></span> <span class='ocrx_word' id='word_1_444' title='bbox 428 3892 704 3967; x_wconf 55' lang='lat' dir='ltr'><strong>denominatoretnfacti,</strong></span> <span class='ocrx_word' id='word_1_445' title='bbox 736 3931 841 3981; x_wconf 51' lang='lat' dir='ltr'><strong>,emm</strong></span> <span class='ocrx_word' id='word_1_446' title='bbox 856 3935 904 3983; x_wconf 64' lang='lat' dir='ltr'><strong>quo</strong></span> <span class='ocrx_word' id='word_1_447' title='bbox 917 3920 1007 3982; x_wconf 52' lang='grc' dir='ltr'><strong>,βίω</strong></span> <span class='ocrx_word' id='word_1_448' title='bbox 1017 3937 1046 3969; x_wconf 61' lang='lat'><strong>,3</strong></span> <span class='ocrx_word' id='word_1_449' title='bbox 1059 3922 1082 3969; x_wconf 79' lang='grc' dir='ltr'><strong>Τ</strong></span> <span class='ocrx_word' id='word_1_450' title='bbox 1091 3922 1146 3968; x_wconf 51' lang='lat' dir='ltr'><strong>,iffi</strong></span> <span class='ocrx_word' id='word_1_451' title='bbox 1157 3938 1237 3970; x_wconf 56' lang='lat' dir='ltr'><strong>omn„</strong></span> <span class='ocrx_word' id='word_1_452' title='bbox 1248 3940 1302 3971; x_wconf 66' lang='lat' dir='ltr'><strong>cum</strong></span> <span class='ocrx_word' id='word_1_453' title='bbox 1313 3940 1364 3972; x_wconf 44' lang='grc' dir='ltr'><strong>ων,</strong></span> 
     </span>
    </p>
   </div>
   <div class='ocr_carea' id='block_1_7' title="bbox 74 3958 1365 4632">
    <p class='ocr_par' dir='ltr' id='par_1_8' title="bbox 74 3958 1365 4632">
     <span class='ocr_line' id='line_1_39' title="bbox 78 3958 1364 4050; baseline 0.009 -27"><span class='ocrx_word' id='word_1_454' title='bbox 78 3983 121 4028; x_wconf 67' lang='lat' dir='ltr'><strong>Per</strong></span> <span class='ocrx_word' id='word_1_455' title='bbox 136 3968 415 4041; x_wconf 47' lang='lat' dir='ltr'><strong>mlOUQ-T-BLX</strong></span> <span class='ocrx_word' id='word_1_456' title='bbox 429 3958 516 4017; x_wconf 27' lang='grc' dir='ltr'>’δῇ-ἒ</span> <span class='ocrx_word' id='word_1_457' title='bbox 529 3977 554 4028; x_wconf 84' lang='grc' dir='ltr'>Χ</span> <span class='ocrx_word' id='word_1_458' title='bbox 570 3972 593 4017; x_wconf 75' lang='grc' dir='ltr'>Α</span> <span class='ocrx_word' id='word_1_459' title='bbox 607 3972 658 4029; x_wconf 66' lang='lat'><strong>¹1⁸³,</strong></span> <span class='ocrx_word' id='word_1_460' title='bbox 674 3972 705 4020; x_wconf 66' lang='lat' dir='ltr'><strong>ld</strong></span> <span class='ocrx_word' id='word_1_461' title='bbox 736 4000 793 4047; x_wconf 83' lang='lat' dir='ltr'><strong>pore</strong></span> <span class='ocrx_word' id='word_1_462' title='bbox 805 3986 829 4041; x_wconf 75' lang='lat' dir='ltr'><strong>S,</strong></span> <span class='ocrx_word' id='word_1_463' title='bbox 840 3995 946 4046; x_wconf 85' lang='lat' dir='ltr'><strong>aspectus</strong></span> <span class='ocrx_word' id='word_1_464' title='bbox 956 3987 1071 4044; x_wconf 80' lang='lat' dir='ltr'><strong>subeunt;</strong></span> <span class='ocrx_word' id='word_1_465' title='bbox 1088 3996 1187 4048; x_wconf 86' lang='lat' dir='ltr'><strong>augetur</strong></span> <span class='ocrx_word' id='word_1_466' title='bbox 1197 3985 1364 4050; x_wconf 82' lang='lat' dir='ltr'><strong>rerdprogms-</strong></span> 
     </span>
     <span class='ocr_line' id='line_1_40' title="bbox 80 4038 1364 4109; baseline 0.006 -18"><span class='ocrx_word' id='word_1_467' title='bbox 80 4046 103 4091; x_wconf 92' lang='lat' dir='ltr'>A</span> <span class='ocrx_word' id='word_1_468' title='bbox 117 4046 163 4092; x_wconf 64' lang='grc' dir='ltr'><strong>Τ1</strong></span> <span class='ocrx_word' id='word_1_469' title='bbox 176 4053 200 4102; x_wconf 79' lang='grc' dir='ltr'>χ</span> <span class='ocrx_word' id='word_1_470' title='bbox 215 4051 296 4093; x_wconf 88' lang='lat' dir='ltr'><strong>b-c</strong></span> <span class='ocrx_word' id='word_1_471' title='bbox 309 4047 331 4092; x_wconf 91' lang='lat' dir='ltr'>T</span> <span class='ocrx_word' id='word_1_472' title='bbox 344 4048 397 4101; x_wconf 76' lang='lat'><strong>8³,</strong></span> <span class='ocrx_word' id='word_1_473' title='bbox 412 4043 704 4108; x_wconf 74' lang='lat' dir='ltr'><strong>quamtioedmagisre-</strong></span> <span class='ocrx_word' id='word_1_474' title='bbox 736 4048 971 4109; x_wconf 72' lang='lat' dir='ltr'><strong>suailiesioorpora</strong></span> <span class='ocrx_word' id='word_1_475' title='bbox 984 4038 1039 4098; x_wconf 86' lang='lat' dir='ltr'><strong>i’et</strong></span> <span class='ocrx_word' id='word_1_476' title='bbox 1052 4049 1364 4099; x_wconf 77' lang='lat' dir='ltr'><strong>Sinsuisorbitist&#39;erantur</strong></span> 
     </span>
     <span class='ocr_line' id='line_1_41' title="bbox 77 4108 1365 4176; baseline 0.006 -22"><span class='ocrx_word' id='word_1_477' title='bbox 77 4108 164 4156; x_wconf 81' lang='lat' dir='ltr'><strong>redita</strong></span> <span class='ocrx_word' id='word_1_478' title='bbox 179 4111 269 4157; x_wconf 88' lang='lat' dir='ltr'><strong>ratione</strong></span> <span class='ocrx_word' id='word_1_479' title='bbox 286 4109 309 4156; x_wconf 89' lang='lat' dir='ltr'>T</span> <span class='ocrx_word' id='word_1_480' title='bbox 321 4111 343 4156; x_wconf 92' lang='lat' dir='ltr'>B</span> <span class='ocrx_word' id='word_1_481' title='bbox 355 4112 367 4139; x_wconf 87' lang='lat'>²</span> <span class='ocrx_word' id='word_1_482' title='bbox 379 4109 409 4156; x_wconf 92' lang='lat' dir='ltr'><strong>ad</strong></span> <span class='ocrx_word' id='word_1_483' title='bbox 422 4110 444 4156; x_wconf 90' lang='lat' dir='ltr'>A</span> <span class='ocrx_word' id='word_1_484' title='bbox 458 4109 510 4166; x_wconf 80' lang='lat' dir='ltr'><strong>T²,</strong></span> <span class='ocrx_word' id='word_1_485' title='bbox 527 4125 570 4156; x_wconf 90' lang='lat' dir='ltr'><strong>seu</strong></span> <span class='ocrx_word' id='word_1_486' title='bbox 586 4109 704 4169; x_wconf 75' lang='lat' dir='ltr'><strong>duplicati</strong></span> <span class='ocrx_word' id='word_1_487' title='bbox 736 4112 762 4159; x_wconf 90' lang='lat' dir='ltr'><strong>in</strong></span> <span class='ocrx_word' id='word_1_488' title='bbox 773 4112 870 4160; x_wconf 86' lang='lat' dir='ltr'><strong>eandem</strong></span> <span class='ocrx_word' id='word_1_489' title='bbox 881 4112 974 4174; x_wconf 76' lang='lat' dir='ltr'><strong>plagam</strong></span> <span class='ocrx_word' id='word_1_490' title='bbox 982 4131 990 4171; x_wconf 88' lang='lat'>;</span> <span class='ocrx_word' id='word_1_491' title='bbox 1009 4113 1040 4160; x_wconf 87' lang='lat' dir='ltr'><strong>In</strong></span> <span class='ocrx_word' id='word_1_492' title='bbox 1050 4113 1094 4160; x_wconf 79' lang='lat' dir='ltr'><strong>hic</strong></span> <span class='ocrx_word' id='word_1_493' title='bbox 1104 4113 1167 4160; x_wconf 89' lang='lat' dir='ltr'><strong>enim</strong></span> <span class='ocrx_word' id='word_1_494' title='bbox 1177 4115 1306 4175; x_wconf 80' lang='lat' dir='ltr'><strong>hypothesi,</strong></span> <span class='ocrx_word' id='word_1_495' title='bbox 1323 4131 1365 4176; x_wconf 88' lang='lat' dir='ltr'><strong>ap-</strong></span> 
     </span>
     <span class='ocr_line' id='line_1_42' title="bbox 76 4172 1364 4240; baseline 0.007 -21"><span class='ocrx_word' id='word_1_496' title='bbox 76 4172 238 4220; x_wconf 83' lang='lat' dir='ltr'><strong>distantiarum</strong></span> <span class='ocrx_word' id='word_1_497' title='bbox 251 4173 347 4228; x_wconf 78' lang='lat' dir='ltr'><strong>inversi,</strong></span> <span class='ocrx_word' id='word_1_498' title='bbox 359 4189 407 4235; x_wconf 91' lang='lat' dir='ltr'><strong>quo</strong></span> <span class='ocrx_word' id='word_1_499' title='bbox 416 4173 492 4235; x_wconf 84' lang='lat' dir='ltr'><strong>magis</strong></span> <span class='ocrx_word' id='word_1_500' title='bbox 502 4174 561 4221; x_wconf 85' lang='lat' dir='ltr'><strong>ratio</strong></span> <span class='ocrx_word' id='word_1_501' title='bbox 568 4173 705 4236; x_wconf 85' lang='lat' dir='ltr'><strong>quantitatis</strong></span> <span class='ocrx_word' id='word_1_502' title='bbox 735 4176 797 4224; x_wconf 78' lang='lat' dir='ltr'><strong>sides</strong></span> <span class='ocrx_word' id='word_1_503' title='bbox 807 4176 896 4224; x_wconf 87' lang='lat' dir='ltr'><strong>diutius</strong></span> <span class='ocrx_word' id='word_1_504' title='bbox 905 4178 995 4224; x_wconf 69' lang='lat' dir='ltr'><strong>haerent</strong></span> <span class='ocrx_word' id='word_1_505' title='bbox 1005 4177 1030 4223; x_wconf 89' lang='lat' dir='ltr'><strong>in</strong></span> <span class='ocrx_word' id='word_1_506' title='bbox 1042 4177 1140 4239; x_wconf 80' lang='lat' dir='ltr'><strong>syzygiis</strong></span> <span class='ocrx_word' id='word_1_507' title='bbox 1150 4192 1221 4239; x_wconf 90' lang='lat' dir='ltr'><strong>quam</strong></span> <span class='ocrx_word' id='word_1_508' title='bbox 1231 4178 1256 4224; x_wconf 93' lang='lat' dir='ltr'><strong>in</strong></span> <span class='ocrx_word' id='word_1_509' title='bbox 1265 4178 1364 4240; x_wconf 83' lang='lat' dir='ltr'><strong>quadra·</strong></span> 
     </span>
     <span class='ocr_line' id='line_1_43' title="bbox 76 4236 1365 4304; baseline 0.005 -22"><span class='ocrx_word' id='word_1_510' title='bbox 76 4237 136 4282; x_wconf 87' lang='lat' dir='ltr'><strong>b-</strong></span> <span class='ocrx_word' id='word_1_511' title='bbox 146 4252 160 4283; x_wconf 88' lang='lat' dir='ltr'><strong>c</strong></span> <span class='ocrx_word' id='word_1_512' title='bbox 172 4244 197 4293; x_wconf 88' lang='grc' dir='ltr'>χ</span> <span class='ocrx_word' id='word_1_513' title='bbox 215 4239 237 4283; x_wconf 87' lang='lat' dir='ltr'>A</span> <span class='ocrx_word' id='word_1_514' title='bbox 247 4237 296 4293; x_wconf 66' lang='lat' dir='ltr'><strong>TJ,</strong></span> <span class='ocrx_word' id='word_1_515' title='bbox 305 4236 334 4283; x_wconf 88' lang='lat' dir='ltr'><strong>sd</strong></span> <span class='ocrx_word' id='word_1_516' title='bbox 343 4237 576 4297; x_wconf 86' lang='lat' dir='ltr'><strong>quantitatemb—c</strong></span> <span class='ocrx_word' id='word_1_517' title='bbox 586 4244 611 4295; x_wconf 86' lang='grc' dir='ltr'>χ</span> <span class='ocrx_word' id='word_1_518' title='bbox 624 4240 646 4285; x_wconf 91' lang='grc' dir='ltr'>Τ</span> <span class='ocrx_word' id='word_1_519' title='bbox 655 4239 704 4296; x_wconf 81' lang='lat'>13³,</span> <span class='ocrx_word' id='word_1_520' title='bbox 737 4241 803 4295; x_wconf 87' lang='lat' dir='ltr'><strong>turis,</strong></span> <span class='ocrx_word' id='word_1_521' title='bbox 814 4240 870 4303; x_wconf 86' lang='lat' dir='ltr'><strong>quia</strong></span> <span class='ocrx_word' id='word_1_522' title='bbox 880 4240 905 4286; x_wconf 92' lang='lat' dir='ltr'><strong>in</strong></span> <span class='ocrx_word' id='word_1_523' title='bbox 912 4241 1012 4301; x_wconf 83' lang='lat' dir='ltr'><strong>syzygiis</strong></span> <span class='ocrx_word' id='word_1_524' title='bbox 1019 4240 1262 4302; x_wconf 85' lang='lat' dir='ltr'><strong>progrediunturcnm</strong></span> <span class='ocrx_word' id='word_1_525' title='bbox 1270 4257 1365 4304; x_wconf 82' lang='lat' dir='ltr'><strong>corpora</strong></span> 
     </span>
     <span class='ocr_line' id='line_1_44' title="bbox 76 4300 1363 4366; baseline 0.009 -21"><span class='ocrx_word' id='word_1_526' title='bbox 76 4300 163 4346; x_wconf 78' lang='lat' dir='ltr'><strong>recedit</strong></span> <span class='ocrx_word' id='word_1_527' title='bbox 173 4316 187 4346; x_wconf 90' lang='lat' dir='ltr'><strong>a</strong></span> <span class='ocrx_word' id='word_1_528' title='bbox 197 4301 287 4347; x_wconf 83' lang='lat' dir='ltr'><strong>ratione</strong></span> <span class='ocrx_word' id='word_1_529' title='bbox 297 4301 440 4356; x_wconf 70' lang='lat' dir='ltr'><strong>equalitatis,</strong></span> <span class='ocrx_word' id='word_1_530' title='bbox 457 4316 499 4347; x_wconf 89' lang='lat' dir='ltr'><strong>acu</strong></span> <span class='ocrx_word' id='word_1_531' title='bbox 517 4317 565 4364; x_wconf 87' lang='lat' dir='ltr'><strong>quo</strong></span> <span class='ocrx_word' id='word_1_532' title='bbox 579 4303 657 4349; x_wconf 89' lang='lat' dir='ltr'><strong>minor</strong></span> <span class='ocrx_word' id='word_1_533' title='bbox 672 4312 707 4351; x_wconf 87' lang='lat' dir='ltr'><strong>est</strong></span> <span class='ocrx_word' id='word_1_534' title='bbox 740 4305 765 4357; x_wconf 84' lang='lat' dir='ltr'><strong>S,</strong></span> <span class='ocrx_word' id='word_1_535' title='bbox 778 4302 918 4366; x_wconf 80' lang='lat' dir='ltr'><strong>atepreaded</strong></span> <span class='ocrx_word' id='word_1_536' title='bbox 928 4303 1017 4351; x_wconf 85' lang='lat' dir='ltr'><strong>diutius</strong></span> <span class='ocrx_word' id='word_1_537' title='bbox 1027 4303 1086 4351; x_wconf 90' lang='lat' dir='ltr'><strong>illud</strong></span> <span class='ocrx_word' id='word_1_538' title='bbox 1097 4304 1163 4365; x_wconf 88' lang='lat' dir='ltr'><strong>quasi</strong></span> <span class='ocrx_word' id='word_1_539' title='bbox 1174 4305 1321 4363; x_wconf 70' lang='lat' dir='ltr'><strong>comitantur,</strong></span> <span class='ocrx_word' id='word_1_540' title='bbox 1337 4307 1363 4357; x_wconf 85' lang='lat' dir='ltr'><strong>ia</strong></span> 
     </span>
     <span class='ocr_line' id='line_1_45' title="bbox 78 4364 1364 4440; baseline 0.007 -30"><span class='ocrx_word' id='word_1_541' title='bbox 78 4366 101 4409; x_wconf 93' lang='lat' dir='ltr'>A</span> <span class='ocrx_word' id='word_1_542' title='bbox 116 4365 138 4411; x_wconf 89' lang='lat' dir='ltr'>T</span> <span class='ocrx_word' id='word_1_543' title='bbox 148 4375 254 4439; x_wconf 71' lang='lat' dir='ltr'><strong>respectu</strong></span> <span class='ocrx_word' id='word_1_544' title='bbox 269 4366 291 4411; x_wconf 90' lang='lat' dir='ltr'>T</span> <span class='ocrx_word' id='word_1_545' title='bbox 304 4365 334 4419; x_wconf 90' lang='lat' dir='ltr'><strong>B,</strong></span> <span class='ocrx_word' id='word_1_546' title='bbox 354 4365 425 4426; x_wconf 78' lang='lat' dir='ltr'><strong>quari</strong></span> <span class='ocrx_word' id='word_1_547' title='bbox 441 4364 500 4438; x_wconf 78' lang='lat' dir='ltr'><strong>dum</strong></span> <span class='ocrx_word' id='word_1_548' title='bbox 518 4366 706 4440; x_wconf 26' lang='lat' dir='ltr'><strong>lineatapsidum</strong></span> <span class='ocrx_word' id='word_1_549' title='bbox 738 4366 883 4430; x_wconf 76' lang='lat' dir='ltr'><strong>quadraturis</strong></span> <span class='ocrx_word' id='word_1_550' title='bbox 893 4365 948 4415; x_wconf 82' lang='lat' dir='ltr'><strong>verd</strong></span> <span class='ocrx_word' id='word_1_551' title='bbox 957 4368 1065 4414; x_wconf 82' lang='lat' dir='ltr'><strong>feruntur</strong></span> <span class='ocrx_word' id='word_1_552' title='bbox 1074 4367 1099 4414; x_wconf 87' lang='lat' dir='ltr'><strong>iu</strong></span> <span class='ocrx_word' id='word_1_553' title='bbox 1110 4368 1270 4417; x_wconf 76' lang='lat' dir='ltr'><strong>antecedentia</strong></span> <span class='ocrx_word' id='word_1_554' title='bbox 1278 4381 1303 4418; x_wconf 86' lang='lat' dir='ltr'><strong>et</strong></span> <span class='ocrx_word' id='word_1_555' title='bbox 1312 4385 1364 4419; x_wconf 84' lang='lat' dir='ltr'><strong>cor·</strong></span> 
     </span>
     <span class='ocr_line' id='line_1_46' title="bbox 74 4429 1363 4558; baseline 0.005 -22"><span class='ocrx_word' id='word_1_556' title='bbox 74 4429 574 4550; x_wconf 49' lang='lat' dir='ltr'><strong>&amp;guitterium</strong></span> <span class='ocrx_word' id='word_1_557' title='bbox 585 4430 705 4541; x_wconf 50' lang='lat' dir='ltr'><strong>m</strong></span> <span class='ocrx_word' id='word_1_558' title='bbox 735 4431 1363 4558; x_wconf 47' lang='lat' dir='ltr'><strong>mintriunt,ffttlt‘tt&#39;t‘tffu:</strong></span> 
     </span>
     <span class='ocr_line' id='line_1_47' title="bbox 74 4512 1361 4632; baseline 0.008 -32"><span class='ocrx_word' id='word_1_559' title='bbox 74 4557 164 4601; x_wconf 86' lang='lat' dir='ltr'><strong>ratione</strong></span> <span class='ocrx_word' id='word_1_560' title='bbox 174 4555 292 4614; x_wconf 76' lang='lat' dir='ltr'><strong>duplicati</strong></span> <span class='ocrx_word' id='word_1_561' title='bbox 302 4554 462 4602; x_wconf 82' lang='lat' dir='ltr'><strong>distantiarum</strong></span> <span class='ocrx_word' id='word_1_562' title='bbox 479 4556 577 4602; x_wconf 81' lang='lat' dir='ltr'><strong>inversi.</strong></span> <span class='ocrx_word' id='word_1_563' title='bbox 613 4558 644 4604; x_wconf 89' lang='lat' dir='ltr'><strong>ln</strong></span> <span class='ocrx_word' id='word_1_564' title='bbox 660 4559 705 4605; x_wconf 84' lang='lat' dir='ltr'><strong>hoc</strong></span> <span class='ocrx_word' id='word_1_565' title='bbox 736 4512 825 4604; x_wconf 69' lang='lat' dir='ltr'><strong>«liutius</strong></span> <span class='ocrx_word' id='word_1_566' title='bbox 836 4557 1013 4619; x_wconf 84' lang='lat' dir='ltr'><strong>progrediantur</strong></span> <span class='ocrx_word' id='word_1_567' title='bbox 1022 4558 1046 4604; x_wconf 90' lang='lat' dir='ltr'><strong>in</strong></span> <span class='ocrx_word' id='word_1_568' title='bbox 1063 4558 1162 4632; x_wconf 75' lang='lat' dir='ltr'><strong>syzygiis</strong></span> <span class='ocrx_word' id='word_1_569' title='bbox 1177 4561 1226 4608; x_wconf 85' lang='lat' dir='ltr'><strong>suis</strong></span> <span class='ocrx_word' id='word_1_570' title='bbox 1241 4577 1312 4625; x_wconf 92' lang='lat' dir='ltr'><strong>quam</strong></span> <span class='ocrx_word' id='word_1_571' title='bbox 1328 4578 1361 4610; x_wconf 86' lang='lat' dir='ltr'><strong>ra·</strong></span> 
     </span>
    </p>
   </div>
   <div class='ocr_carea' id='block_1_8' title="bbox 74 4619 1132 4686">
    <p class='ocr_par' dir='ltr' id='par_1_9' title="bbox 74 4619 1132 4686">
     <span class='ocr_line' id='line_1_48' title="bbox 74 4619 1132 4686; baseline 0.006 -22"><span class='ocrx_word' id='word_1_572' title='bbox 74 4619 147 4681; x_wconf 86' lang='lat' dir='ltr'><strong>igitur</strong></span> <span class='ocrx_word' id='word_1_573' title='bbox 157 4620 225 4666; x_wconf 77' lang='lat' dir='ltr'><strong>liuere</strong></span> <span class='ocrx_word' id='word_1_574' title='bbox 236 4619 344 4680; x_wconf 87' lang='lat' dir='ltr'><strong>apsidum</strong></span> <span class='ocrx_word' id='word_1_575' title='bbox 355 4620 402 4667; x_wconf 89' lang='lat' dir='ltr'><strong>situ</strong></span> <span class='ocrx_word' id='word_1_576' title='bbox 413 4619 504 4680; x_wconf 81' lang='lat' dir='ltr'><strong>apsides</strong></span> <span class='ocrx_word' id='word_1_577' title='bbox 515 4620 634 4670; x_wconf 84' lang='lat' dir='ltr'><strong>celerrimi</strong></span> <span class='ocrx_word' id='word_1_578' title='bbox 650 4636 703 4683; x_wconf 87' lang='lat' dir='ltr'><strong>pro·</strong></span> <span class='ocrx_word' id='word_1_579' title='bbox 736 4622 875 4686; x_wconf 72' lang='lat' dir='ltr'><strong>gradiuntur</strong></span> <span class='ocrx_word' id='word_1_580' title='bbox 885 4622 911 4669; x_wconf 87' lang='lat' dir='ltr'><strong>iu</strong></span> <span class='ocrx_word' id='word_1_581' title='bbox 921 4621 970 4669; x_wconf 82' lang='lat' dir='ltr'><strong>stris</strong></span> <span class='ocrx_word' id='word_1_582' title='bbox 979 4621 1132 4685; x_wconf 80' lang='lat' dir='ltr'><strong>quadratum.</strong></span> 
     </span>
    </p>
   </div>
   <div class='ocr_carea' id='block_1_9' title="bbox 0 0 1554 5534">
    <p class='ocr_par' dir='ltr' id='par_1_10' title="bbox 0 0 1554 5534">
     <span class='ocr_line' id='line_1_49' title="bbox 0 0 1554 5534; baseline 0 4"><span class='ocrx_word' id='word_1_583' title='bbox 0 0 1554 5534; x_wconf 95' lang='lat' dir='ltr'><strong> </strong></span> 
     </span>
    </p>
   </div>
  </div>
 </body>
</html>
