3098 5534
136 353 428 434 liubusuam]
444 423 449 433 ,
463 352 705 431 PRINClPlA
728 353 1101 422 MATHEMATICA.
1368 368 1431 426 289

139 536 244 588 autem
259 523 451 608 temporibus
465 523 528 588 itus
542 536 575 590 et
588 522 705 589 reditits
720 523 813 588 unius
828 523 933 589 eundo
953 523 1133 591 latitudines
1154 548 1226 591 suaa
1249 529 1430 608 conficiunt,

136 633 199 698 hoc
214 647 269 711 est,
292 635 392 718 spatia
412 633 605 720 temporibus
618 634 864 720 proportionalis
882 648 1091 719 percurram
1117 647 1150 700 et
1168 649 1337 721 propterea
1358 653 1432 705 suut

137 741 352 829 oequiveloces.

182 853 251 915 Cat.
269 861 298 914 3.
324 850 362 914 In
378 849 488 916 mediis
502 850 599 937 igitur
621 850 774 917 densitate
789 863 821 916 et
834 852 866 916 vi
879 850 1005 918 clasticti
1027 854 1165 938 pambus,
1188 843 1297 940 pulsus
1320 879 1428 932 ornnes

137 968 211 1022 sunt
232 957 444 1043 aequiveloces.
490 956 586 1033 Quod
602 957 627 1020 si
642 958 736 1022 medii
751 958 800 1022 vel
815 959 952 1023 densitas
967 960 1016 1024 vel
1031 961 1076 1024 vis
1091 961 1216 1026 clastica
1236 963 1425 1041 intendatur,

136 1060 285 1150 quorriam
299 1063 345 1126 vis
360 1063 476 1127 matrix
490 1063 523 1126 ln
538 1063 659 1128 ratione
672 1063 719 1128 vis
733 1064 879 1142 elasticae,
902 1079 935 1129 et
947 1066 1077 1132 materia
1090 1069 1245 1133 movenda
1259 1069 1427 1135 iuratione

135 1173 297 1238 densitatis
323 1185 474 1259 augetur3
501 1173 536 1257 (²)
560 1185 692 1257 tempus,
717 1196 781 1259 quo
805 1186 910 1239 motus
934 1173 1030 1239 iidem
1054 1190 1244 1263 peragantur
1269 1199 1305 1242 ac
1326 1180 1425 1262 prins,

135 1280 300 1366 augebitur
313 1279 346 1342 iu
361 1278 577 1364 subduplicatri
592 1279 712 1344 ratione
727 1278 897 1358 deunitatis,
915 1301 952 1344 ac
966 1279 1157 1346 diminuetur
1166 1283 1198 1345 in
1207 1283 1425 1368 subduplicatti

133 1387 254 1450 ratione
270 1384 315 1449 vis
326 1384 470 1450 clasticae.
517 1385 561 1449 Et
574 1400 742 1471 propterea
757 1387 903 1452 velocitas
918 1388 1066 1473 pulsuum
1082 1389 1142 1453 erit
1155 1390 1188 1453 in
1203 1391 1323 1455 ratione
1338 1412 1424 1456 com·

133 1490 235 1578 positi
251 1513 291 1555 ex
306 1493 426 1554 ratione
442 1491 659 1576 subduplicatti
682 1493 841 1558 densitatis
863 1494 958 1558 medii
980 1493 1102 1560 inversd
1116 1509 1148 1560 et
1169 1499 1289 1564 ratione
1304 1499 1425 1565 subdu·

132 1599 245 1685 plicatis
261 1602 306 1663 vis
321 1601 455 1664 elasticae
470 1598 596 1664 directi.
643 1600 685 1677 Q.
701 1625 728 1665 e.
745 1601 776 1666 d.

88 1687 95 1697 .
178 1707 262 1771 Haec
277 1707 455 1793 Propositio
470 1707 598 1771 ulterius
613 1708 733 1792 patebit
747 1729 786 1772 ex
800 1710 1030 1775 constructione
1045 1713 1197 1796 sequenti.

355 1978 643 2047 rnorosrrto
666 1979 797 2045 xmx.
844 1931 1103 2047 sanarunt
1126 1982 1191 2048 xr.

216 2178 313 2242 Datis
327 2177 419 2239 medii
432 2177 580 2240 desultore
594 2185 623 2239 et
638 2177 670 2240 vi
683 2172 819 2252 crostica,
843 2178 979 2239 invenire
992 2178 1176 2240 uelocitatem
1185 2183 1334 2260 puram.

175 2367 344 2455 Fingamus
359 2365 498 2430 medium
512 2364 768 2431 tab-incumbente
781 2364 921 2448 pondere
936 2387 994 2449 pro
1008 2387 1096 2430 more
1118 2367 1199 2431 ae'ris
1220 2367 1319 2431 nostri
1331 2386 1419 2431 com·

127 2474 239 2560 primi3
254 2475 354 2558 sitque
370 2473 401 2538 A
416 2471 548 2536 altitudo
562 2470 657 2536 madii
672 2470 869 2557 homogenei,
894 2472 981 2557 cujus
995 2472 1120 2557 pondus
1135 2467 1285 2559 adaequet'
1292 2474 1418 2557 pondus

129 2579 323 2656 incumbens,
340 2581 473 2664 et-cujus
486 2577 623 2642 densitas
634 2577 749 2643 eadem
763 2577 803 2643 sit
817 2599 889 2642 cum
904 2578 1057 2643 densitate
1071 2579 1166 2644 medii
1181 2583 1360 2666 compressi,
1383 2583 1417 2647 iu

129 2711 193 2777 quo
214 2690 322 2774 pulsus
342 2700 567 2777 propagantur.
612 2687 768 2753 Constitui
789 2700 893 2754 autem
914 2689 1105 2777 intelligatur
1123 2691 1305 2776 pendulum,
1329 2693 1417 2777 cujus

160 2902 193 2966 (³)
209 2905 316 2965 Tempus,
330 2919 377 2966 quo
386 2911 463 2952 motat
472 2904 542 2952 iidem
551 2911 701 2966 matur,
710 2903 753 2950 &a
788 2901 884 2952 ficiunt:
902 2904 954 2952 torti
964 2902 1019 2952 verb
1028 2904 1053 2951 iu
1063 2904 1146 2953 rodoan
1158 2909 1210 2953 abra
1220 2906 1326 2966 producti
1338 2923 1367 2956 eo
1376 2907 1415 2956 iu·

129 2968 235 3026 Tempus
245 2982 294 3028 quo
303 2977 384 3013 motus
394 2981 435 3026 par
445 2966 545 3029 aqualia
556 2969 630 3026 spatia
728 2981 756 3012 η-
787 2967 898 3014 tenuiore·
908 2976 970 3021 suut,
982 2979 1091 3016 manante
1101 2979 1165 3026 tono,
1177 2985 1225 3031 quo
1235 2971 1312 3033 majus
1320 2982 1354 3019 ast
1362 2987 1413 3032 spa-

126 3041 166 3079 tur
177 3031 247 3078 estin
259 3032 348 3078 ratione
363 3028 494 3090 compositi
503 3045 533 3077 aa
544 3029 683 3090 aalrduplioa
719 3045 757 3078 ra·
787 3031 847 3078 tium
863 3030 927 3092 quod
941 3031 1001 3079 aiiria
1018 3032 1137 3092 particular
1155 3032 1234 3080 eundo
1252 3044 1277 3081 et
1293 3033 1413 3085 redeundo

124 3097 191 3143 tione
207 3097 309 3144 matoria
325 3094 447 3142 movenda
462 3093 583 3142 diractdat
593 3093 756 3154 subdupticart
786 3094 921 3143 describunt
937 3094 993 3141 dato
1008 3105 1127 3156 tempora,
1146 3107 1173 3143 ut
1191 3097 1210 3142 si
1227 3096 1313 3144 chorda
1323 3099 1412 3146 musica

125 3160 217 3206 ratione
232 3159 267 3206 ria
283 3160 386 3206 matricis
402 3157 490 3206 intend
503 3163 555 3222 (per
573 3159 626 3206 cor.
637 3163 660 3206 5.
680 3157 751 3218 Prop.
786 3157 887 3207 validius
896 3158 1009 3220 pulsatur,
1026 3159 1125 3221 majoma
1136 3161 1274 3206 vibrationes
1284 3160 1340 3208 dato
1350 3172 1410 3209 tam·

127 3222 246 3281 XXlV.)
266 3220 367 3284 idedque
385 3223 410 3271 iu
428 3225 473 3271 boc
488 3222 558 3270 tertio
573 3237 635 3277 casu.
651 3231 753 3281 tamma,
784 3222 948 3286 pureparagit,
960 3223 1269 3287 majorqueoacillatiuuas
1284 3224 1410 3284 particula-

124 3296 238 3332 manente
247 3286 322 3346 spatio
332 3286 454 3346 descripto,
465 3285 589 3348 augebitur
600 3287 623 3332 ln
632 3283 755 3345 subdupli·
785 3302 838 3334 rum
849 3287 908 3333 ae'ria
917 3286 1010 3343 excitat,
1027 3298 1051 3334 et
1066 3303 1138 3336 aouua
1152 3287 1264 3334 intentior
1273 3288 1408 3349 percipitur,

125 3348 178 3396 cati
188 3352 277 3396 ratione
287 3349 414 3405 densitatis,
429 3365 457 3396 ac
472 3349 617 3396 diminuam
626 3351 652 3395 in
662 3349 752 3397 subdu·
782 3350 839 3398 licat
848 3360 919 3398 touua
929 3350 993 3398 idam
1004 3360 1099 3399 maneat
1108 3361 1132 3398 at
1142 3350 1363 3412 prostrastratum
1374 3351 1409 3409 la-

125 3413 212 3475 plioatr‘t
221 3413 352 3460 reticueris
361 3414 468 3470 alasticoe,
480 3423 504 3460 at
514 3411 635 3473 proptered
643 3413 752 3461 velocitas
783 3413 860 3463 titudo
878 3429 906 3461 ac
921 3412 1030 3462 velocitas
1045 3430 1093 3461 uon
1109 3424 1236 3463 mutentur.
1274 3413 1335 3463 cum

124 3493 179 3540 quta
195 3488 230 3524 ast
241 3485 268 3524 ut
278 3477 380 3538 spatium
398 3476 484 3524 directi
503 3485 527 3523 et
543 3486 635 3537 tempus
653 3476 751 3535 inversa,
783 3488 848 3525 tanta
859 3477 1007 3526 aitvelocitaa
1024 3478 1084 3526 lucia
1094 3488 1120 3526 ut
1134 3493 1175 3539 par
1190 3479 1366 3538 atmospbaram
1382 3494 1408 3527 ru

126 3544 169 3604 (ob
184 3540 268 3620 datram
285 3541 387 3616 apatium
403 3555 444 3601 per
462 3541 542 3614 Hyp)
561 3542 604 3588 erit
623 3542 647 3616 ip
664 3541 753 3616 radone
783 3542 879 3589 instanti
887 3541 966 3618 guoad
977 3557 1072 3618 taurum
1084 3553 1224 3618 propagetur
1234 3545 1287 3606 (per
1296 3542 1367 3592 schol.
1377 3543 1408 3593 ad

125 3603 753 3728 rotatu,
786 3604 1406 3666 *⁰⁹¹'00‘'

126 3732 227 3790 diram
245 3732 285 3780 aad
302 3731 362 3780 datia
377 3731 448 3779 madii
458 3731 573 3779 densitate
583 3741 607 3778 at
617 3731 638 3778 ri
650 3730 750 3790 elaatici,
783 3731 833 3779 licia
842 3731 1405 3796 flammaatlragarproducuuturaimul,atapac-
1488 3752 1492 3761 ¹

125 3797 236 3844 velocitas
251 3797 372 3858 pulsuum,
389 3807 470 3844 utrum
487 3796 627 3843 uerarietur
642 3796 751 3856 spatium,
782 3805 844 3844 tator
861 3797 962 3856 spatium
979 3811 1028 3860 quo
1045 3813 1060 3844 a
1078 3808 1311 3858 corpore-rasorum
1328 3799 1406 3858 distat,

124 3858 179 3908 data
194 3870 234 3915 est,
253 3864 305 3925 (per
317 3861 370 3908 Cas.
387 3865 408 3908 l.
420 3868 444 3907 et
455 3813 491 3921 23
508 3858 564 3922 ergo
579 3859 688 3906 velocitas
698 3859 750 3919 pul·
783 3869 922 3924 tempusque
938 3861 1002 3925 quod
1019 3860 1080 3908 iuter
1096 3861 1226 3909 lumiuiaat
1241 3862 1293 3908 aoni
1311 3878 1405 3924 paraq>-

124 3939 196 3972 auum
207 3926 251 3972 erit
261 3940 352 3984 semper
362 3924 483 3971 iuratione
490 3922 750 3984 componderatum
781 3925 857 3972 tiones
872 3924 1000 3982 iutoecadit,
1016 3924 1163 3981 dimadiatur,
1179 3925 1231 3974 toni
1246 3925 1353 3973 velocitas
1368 3927 1405 3973 iu-

124 3988 286 4048 mudupticatt
302 3989 421 4036 densitatis
431 3988 501 4035 madii
517 3985 607 4035 invest
621 3997 646 4036 et
660 3987 750 4035 ratione
781 3997 891 4035 notwat.
927 3991 1007 4053 Atque
1023 4004 1053 4036 eo
1068 3990 1139 4036 modo
1150 3990 1174 4035 itt
1189 3989 1258 4036 ratiis
1272 3989 1407 4052 regionibua

124 4052 288 4113 nrbduplicatr‘t
298 4053 331 4098 ris
342 4052 440 4099 clasticre
451 4050 544 4099 direct&
782 4051 846 4099 varia
855 4053 974 4102 vimara
981 4064 1016 4101 eat
1026 4051 1134 4100 velocitas
1144 4052 1203 4108 aoni,
1214 4062 1238 4099 et
1246 4055 1271 4099 iu
1280 4053 1368 4116 Angua
1376 4051 1406 4102 ei

156 4121 211 4164 318.
232 4117 272 4164 Ea
283 4117 327 4164 bic
340 4116 502 4176 Propoaitiona
512 4124 575 4177 patet
585 4115 750 4162 corronium·
782 4115 899 4164 eeleritate
907 4117 969 4175 farri,
983 4115 1159 4164 numerian
1170 4117 1353 4178 Hallcyoriaum
1361 4128 1404 4174 aaa,

123 4180 161 4226 nia
170 4182 270 4242 generis,
287 4181 364 4242 gravis
374 4190 398 4226 et
408 4190 499 4238 acutus,
517 4180 623 4226 intensus
633 4188 657 4226 et
672 4180 752 4226 tamia-
782 4178 831 4242 qud
840 4179 910 4240 padea
922 4181 1084 4228 [andiacum
1094 4181 1149 4240 plus
1158 4180 1237 4227 minus
1252 4186 1320 4238 1142,
1339 4180 1405 4229 Pari·

124 4259 172 4300 aus,
188 4245 239 4304 pari
253 4245 373 4292 velocitate
383 4243 408 4289 in
419 4243 502 4290 eodem
517 4244 570 4290 abre
585 4253 749 4306 propagantur.
783 4244 869 4290 ιὶειιιι
878 4242 934 4292 verb
947 4250 1015 4298 1070,
1026 4253 1131 4304 tempora
1141 4244 1226 4291 minuti
1237 4245 1308 4292 uniua
1323 4260 1406 4294 neuu-

124 4308 188 4354 Nam
199 4323 309 4355 sonorum
318 4307 443 4360 diversitas.
451 4307 529 4368 quoad
538 4323 607 4368 graue
615 4315 749 4364 etucutum,
783 4306 808 4354 di
819 4319 969 4368 parrum
1002 4308 1067 4362 Quia
1077 4305 1133 4354 rard
1139 4307 1241 4355 danaim
1250 4319 1275 4356 et
1285 4309 1319 4354 ria
1329 4309 1406 4356 clasti-

121 4388 137 4418 a
149 4387 247 4419 numero
258 4372 369 4432 pulsuum
380 4373 421 4433 qul
432 4373 456 4417 in
467 4373 520 4419 aera
530 4381 633 4431 tempure
643 4370 698 4418 dato
708 4386 749 4418 er·
781 4386 810 4418 ca
819 4372 878 4418 a'e'ria
887 4372 913 4418 in
922 4373 989 4420 variis
997 4372 1123 4420 Terrarum
1131 4371 1194 4427 loeis,
1206 4371 1407 4434 diremisqueanui

121 4436 230 4492 citantur,
252 4437 338 4496 pendat
369 4435 446 4495 ³16);
468 4445 493 4483 at
513 4439 565 4496 (par
581 4435 641 4482 banc
665 4434 749 4495 Prop)
781 4437 956 4495 tempestatibus
977 4438 1001 4482 ln
1023 4436 1105 4482 eadem
1127 4435 1180 4482 loco
1200 4445 1329 4493 mutantur,
1351 4436 1407 4486 iuda

120 4500 203 4560 pulsus
213 4501 280 4556 a'e'ria,
293 4515 335 4547 seu
346 4515 361 4559 p
372 4513 424 4546 urea
435 4514 476 4545 tau
485 4498 607 4559 paucimos
621 4498 677 4545 dato
690 4508 750 4544 tam·
782 4513 877 4562 quoque
896 4501 981 4548 mutari
998 4510 1089 4561 oportet
1104 4499 1155 4546 roni
1166 4499 1318 4546 velocitatem.
1354 4501 1407 4549 Diu

121 4579 177 4623 pora
188 4564 353 4624 producantur.
370 4563 452 4610 eddam
469 4577 560 4622 temper
575 4563 695 4609 velocitate
704 4560 751 4608 dtt.
782 4560 897 4610 creditum
907 4574 951 4621 art,
966 4563 1142 4611 observantibua
1154 4564 1288 4619 Maraenuo,
1306 4564 1407 4612 Gasaen-

120 4627 255 4674 funduntur
266 4639 290 4675 et
300 4627 357 4675 dato
367 4638 472 4688 tempora
483 4626 565 4674 datum
576 4627 678 4687 spatium
694 4639 751 4673 oon·
783 4625 822 4681 do,
846 4636 870 4676 et
890 4627 1039 4677 Academicis
1061 4626 1208 4684 Florarrtiuis,
1225 4642 1310 4675 aunum
1331 4644 1408 4692 nuque

154 4708 214 4756 Vos.
230 4709 267 4757 ll.
752 4709 777 4756 Τ
