3074 5520
46 409 48 414 ’
120 412 184 471 222
434 394 775 464 PHILOSOPHUE
799 391 1079 459 NATURALIS
1153 389 1436 469 [lancem

123 576 155 638 A
171 573 200 637 Β
214 572 256 635 ad
271 590 425 634 stunmam
448 566 636 631 circulorum
658 566 689 629 A
706 564 781 628 Bet
797 562 826 627 E
842 561 870 624 F
893 560 931 646 (⁰)
947 560 996 623 vel
1012 581 1197 623 excessum
1222 558 1321 643 dupli
1343 560 1437 624 circui

122 685 154 748 A
167 681 199 754 B
214 701 310 763 supra
323 677 466 742 fundum.

168 762 268 833 Corol.
285 773 315 833 7.
362 765 395 830 si
418 765 451 827 in
472 762 578 828 medio
591 762 752 827 foraminis
770 760 799 825 E
816 759 975 824 Flocetur
990 755 1145 821 circellus
1174 756 1209 821 P
1226 755 1264 831 Q
1279 769 1390 821 centro
1410 757 1437 822 G

122 876 297 961 descriptus
312 888 345 941 et
358 875 513 939 horizonti
535 873 719 958 parallelus:
743 868 867 957 pondus
882 889 971 954 aquae
986 886 1088 951 quam
1104 864 1269 929 circellus
1283 864 1340 930 ille
1354 865 1436 930 mati·

122 997 186 1060 net,
210 985 309 1068 majus
332 995 380 1047 est
399 981 539 1065 pondere
554 985 654 1043 tertiae
669 979 766 1062 partia

123 1090 259 1176 cylindri
275 1112 365 1174 aquae
380 1092 469 1185 cujus
477 1090 561 1154 basis
571 1102 619 1154 est
629 1090 772 1155 circellua
856 1135 894 1192 K

122 1198 176 1264 ille
198 1211 230 1262 et
251 1198 383 1262 altitudo
404 1181 459 1263 est‘
474 1199 506 1262 G
523 1199 569 1264 H.
617 1201 665 1264 Sit
687 1201 772 1263 etrim
867 1147 1417 1224 *L—J‘

124 1308 240 1372 ΑΒΝ
257 1307 284 1370 F
299 1306 378 1371 EM
394 1320 549 1372 cataracta
562 1307 614 1372 vel
627 1307 773 1371 columna
830 1281 873 1344 Α
1112 1264 1181 1389 ...H

123 1438 214 1502 aquae
229 1415 368 1480 cadentis
384 1436 477 1479 axem
492 1414 611 1477 habens
628 1414 660 1478 G
678 1412 713 1476 H
736 1424 772 1478 ut
1109 1397 1131 1411 '⁰

123 1545 229 1609 supra,
256 1536 288 1587 et
302 1523 460 1610 congelari
475 1522 666 1610 intelligatur
687 1542 770 1607 aqua

122 1618 224 1694 amnis
239 1630 272 1693 in
287 1653 369 1707 vase,
386 1631 426 1714 (Ρ)
443 1642 507 1693 tam
528 1630 562 1692 in
577 1630 705 1695 circuitu
720 1651 773 1694 ca-

124 1755 250 1807 taractae
265 1741 359 1829 quim
374 1764 469 1826 supra
490 1740 660 1817 circellum,
683 1740 771 1824 cujus

121 1851 309 1916 fluiditasad
316 1849 627 1935 promptissimumet
646 1847 772 1914 celerri-

122 1983 209 2027 mum
232 1983 323 2049 aquoe
345 1961 530 2026 descensum
552 1978 616 2020 non
637 1957 770 2043 requiri·

52 2128 58 2140 Δ,
123 2079 185 2133 tur.
232 2068 275 2131 Et
296 2067 337 2130 sit
362 2067 493 2143 PHQ
516 2065 661 2129 columna
680 2087 771 2151 aquae

121 2196 217 2259 supra
238 2173 400 2244 circellum
421 2172 593 2258 congelata,
621 2171 770 2235 verticem
1029 2200 1036 2225 =
1079 2192 1179 2259 L?
1227 2194 1235 2244 ξ

120 2281 240 2348 habens
256 2282 294 2347 H
308 2295 340 2346 et
361 2281 557 2346 altitudinem
579 2280 612 2345 G
628 2279 675 2343 H.
728 2279 772 2343 Et
847 2261 876 2324 ο
1002 2263 1033 2320 Ῑ
1057 2263 1090 2318 P
1161 2265 1201 2326 θ’
1221 2267 1258 2322 F
1356 2269 1386 2330 tt

119 2393 205 2480 finge
219 2403 407 2463 cataractam
421 2392 541 2455 hancce
556 2389 699 2475 pondere
713 2411 770 2455 auo

120 2510 188 2563 toto
203 2500 313 2565 cadere
328 2512 360 2565 et
373 2521 440 2563 non
455 2496 634 2562 incumbere
649 2498 682 2560 in
699 2498 726 2561 P
742 2497 779 2560 H
795 2498 838 2575 Q,
855 2506 914 2561 nec
928 2495 1062 2560 eandem
1078 2518 1251 2580 premere,
1269 2498 1325 2563 sed
1336 2495 1415 2560 liberi

71 2610 75 2618 '
120 2618 152 2672 et
166 2607 232 2670 sine
246 2606 389 2670 frictione
409 2605 597 2692 praeterlabi,
621 2605 680 2668 nisi
694 2604 775 2669 forte
789 2605 822 2667 in
837 2604 906 2689 ipso
920 2604 1031 2691 glaciei
1047 2606 1178 2669 vertice
1195 2628 1264 2692 quo
1279 2618 1415 2670 catam

120 2714 189 2798 ipso
204 2715 336 2779 cadendi
351 2715 439 2779 initio
453 2714 580 2799 iricipiat
594 2736 662 2777 esse
677 2734 761 2777 cava.
796 2712 840 2777 Et
854 2711 1125 2799 quemadmodum
1143 2736 1236 2800 aqua
1250 2716 1285 2778 in
1300 2714 1414 2779 cirmitr

120 2834 283 2888 uuractae
307 2822 470 2910 congelata
485 2827 515 2889 A
532 2823 571 2888 Μ
587 2822 616 2887 Ε
632 2824 670 2900 C,
685 2813 724 2887 'B
740 2825 773 2888 N
790 2823 817 2886 F
831 2825 865 2887 D
887 2845 1027 2887 convexa
1050 2837 1102 2888 est
1126 2825 1166 2887 in
1191 2827 1359 2910 superficie
1376 2825 1413 2886 ia·

120 2931 209 2996 terni
233 2934 264 2997 A
280 2932 320 2995 Μ
336 2932 375 3011 Ε,
393 2932 422 2996 Β
439 2933 469 2997 N
487 2932 514 2997 F
535 2954 642 3000 versus
666 2945 853 3001 cataractam
878 2933 1051 3012 cadentem,
1079 2933 1127 2998 sic
1154 2936 1257 2999 etiam
1285 2936 1352 3000 hec
1372 2956 1412 2999 aa

154 3124 214 3191 (⁰)'
233 3128 272 3176 Vel
287 3143 398 3176 mearam
416 3128 481 3189 dupli
498 3130 579 3176 circuli
599 3129 655 3176 AB
673 3145 744 3190 capra
779 3133 791 3160 ⁸
808 3128 946 3176 considerari
965 3128 1028 3175 onim
1047 3139 1127 3189 potest
1145 3132 1202 3179 axia
1222 3133 1250 3180 H
1271 3133 1294 3180 G
1312 3140 1338 3178 ut
1352 3126 1410 3189 rei!

118 3193 236 3256 findam.
275 3191 449 3238 Ctlmfuudum
462 3193 549 3253 equale
565 3192 594 3238 sit
610 3193 745 3239 differentia
777 3194 835 3240 vasis
852 3195 919 3254 cujus
937 3193 1008 3240 catio
1028 3193 1060 3240 sit
1082 3194 1110 3240 H
1133 3195 1160 3242 G
1181 3197 1204 3243 C
1224 3198 1258 3252 A,
1282 3205 1306 3242 et
1322 3196 1408 3240 iam

121 3255 261 3302 circulorum
281 3258 303 3301 A
317 3256 338 3302 Β
350 3266 373 3302 et
386 3256 408 3302 E
423 3255 449 3312 F,
467 3271 572 3302 excessus
583 3256 647 3316 dupli
664 3257 745 3303 circuli
778 3258 803 3303 in
821 3256 895 3303 fundo
911 3258 998 3303 iactum
1015 3257 1044 3302 sit
1063 3258 1087 3304 E
1103 3258 1134 3313 Ρ,
1152 3261 1338 3321 qualiscumque
1348 3268 1409 3303 arta

125 3321 145 3365 A
161 3320 191 3375 B,
203 3318 272 3379 cupri
283 3319 384 3366 fundum
395 3326 456 3366 catil
469 3323 491 3366 A
506 3320 569 3367 B·-
578 3323 600 3366 A
613 3321 676 3386 B†
687 3322 745 3377 ΕΒ,
779 3321 810 3367 eit
827 3320 864 3366 lex
882 3321 929 3382 qui
945 3315 1019 3366 effluit
1034 3337 1098 3383 aqua
1112 3337 1145 3368 ex
1170 3340 1235 3379 me,
1256 3323 1337 3370 eodem
1355 3319 1408 3365 nal·

122 3397 164 3430 teu
178 3385 200 3429 A
216 3384 280 3445 B-t-
295 3384 317 3430 E
332 3383 358 3430 Β.
780 3400 827 3446 quo
837 3385 925 3431 factum
941 3393 976 3430 eat
986 3400 1000 3429 a
1014 3384 1137 3431 Neutono
1149 3386 1177 3433 in
1190 3389 1268 3450 hujus
1283 3389 1408 3433 dnum

155 3447 190 3510 (Ρ)
201 3450 214 3476 ⁸
227 3451 286 3495 Tam
294 3450 425 3497 incircuitu
434 3458 563 3496 cataracta.
588 3449 748 3503 Quemadmo·
780 3449 848 3495 tionis
859 3464 912 3494 casu
925 3447 1006 3508 primo,
1024 3449 1119 3507 concipi
1140 3462 1223 3510 potest
1234 3446 1348 3498 cctam&
1360 3460 1408 3492 Ν

123 3509 180 3557 dum
192 3511 254 3557 enim
265 3512 335 3572 sopri
346 3512 399 3558 ante*
410 3528 455 3558 ccc.
472 3518 502 3568 t.‚
519 3529 579 3573 aqua
592 3515 669 3559 omnis
679 3515 746 3575 cujus
779 3512 876 3574 glaciem
888 3511 991 3567 effluens,
1003 3510 1115 3559 adhibitis
1127 3516 1291 3562 cautionibus
1301 3515 1347 3559 illic
1357 3523 1407 3556 m

123 3572 224 3620 liuidittu
234 3574 264 3621 ad
275 3576 472 3636 promptissimum
483 3586 507 3623 ct
517 3578 662 3623 celerrimum
680 3592 746 3635 aqua
779 3577 815 3631 tis,
828 3586 853 3622 ut
862 3578 911 3622 haec
922 3576 1055 3637 hypothesis
1062 3578 1240 3625 mathematica
1246 3589 1359 3641 mugmt
1366 3587 1406 3620 tw

123 3636 259 3684 descensum
272 3639 379 3700 illiusque
395 3639 506 3686 effluxum
518 3641 672 3700 perforamen
690 3641 747 3686 ΕΒ
779 3639 833 3685 vert
851 3639 951 3686 effluxas
969 3655 1036 3700 aquae
1054 3638 1117 3702 lege,
1141 3641 1270 3702 quitanus
1286 3642 1315 3687 nd
1334 3641 1406 3698 capim

123 3701 212 3747 inutilis
223 3713 278 3754 erat,
291 3704 315 3748 in
327 3704 424 3750 circuitu
436 3715 555 3750 cataracta
565 3705 685 3766 congelata
692 3720 746 3763 sup·
780 3719 846 3764 aqua
857 3703 972 3750 effluentia
980 3703 1035 3750 dato
1047 3713 1169 3763 tempore,
1182 3723 1233 3767 quo
1245 3708 1322 3766 posita
1331 3703 1407 3750 num

123 3768 259 3825 ponebatur,
288 3767 359 3828 idque
384 3766 445 3814 recte
472 3769 560 3814 factum
587 3768 748 3827 capurimcntic
780 3777 814 3814 est
830 3767 915 3813 lincam
930 3766 955 3813 H
972 3768 1134 3814 Peonveram
1148 3771 1216 3815 urmi
1228 3770 1321 3817 deam.
1356 3764 1406 3819 0¹²¹>

123 3828 203 3890 pomi
218 3839 335 3877 ostensum
352 3841 393 3886 est,
411 3831 443 3877 iu
458 3832 496 3878 hic
507 3833 550 3878 loci
562 3832 681 3893 congelata
692 3847 747 3890 sup·
781 3843 873 3892 propter
884 3831 902 3875 si
914 3845 942 3876 cx
954 3831 1046 3890 punctis
1061 3831 1118 3877 Pet
1130 3833 1158 3887 Q
1167 3835 1200 3880 ad
1212 3846 1329 3894 punctum
1342 3831 1406 3877 ildu-

123 3893 180 3953 paui
196 3905 271 3954 potent
286 3910 347 3956 aqua
362 3895 439 3943 omnis
450 3895 474 3941 in
486 3912 538 3942 vase
549 3906 596 3943 tam
613 3897 637 3941 in
649 3896 747 3942 circuitu
781 3895 1019 3944 canturlineaercctu.
1029 3911 1084 3955 quae
1092 3910 1152 3942 cum
1164 3897 1285 3944 diametro
1298 3894 1406 3950 Βασία-

124 3957 324 4019 ennumquam
336 3958 406 4018 cupri
421 3961 548 4015 circellum,
569 3961 636 4022 cujus
647 3959 748 4005 Auidius
781 3961 864 4021 guium
876 3960 1024 4014 constituam,
1043 3974 1121 4005 canuc
1139 3976 1172 4006 ex
1190 3962 1338 4008 revolutione
1352 3959 1406 4017 hai!

124 4021 155 4068 nd
165 4023 361 4082 promptissimum
373 4033 396 4069 ct
407 4023 627 4085 celerrimumaquae
637 4023 748 4069 effluxum
782 4022 891 4084 trianguli
903 4021 962 4068 cirri
972 4037 1039 4068 arem
1052 4023 1078 4069 H
1090 4023 1113 4069 G
1126 4025 1237 4085 genitus,
1251 4024 1406 4073 tunimo*

124 4100 166 4145 per
176 4086 275 4147 spatium
287 4088 399 4134 annulare
413 4088 434 4133 E
447 4087 474 4144 1³,
489 4088 548 4142 oF,
558 4103 604 4134 non
614 4088 748 4147 requiritur;
781 4087 844 4133 bitur
855 4087 878 4131 in
890 4085 964 4132 solido
974 4085 1037 4147 quod
1048 4102 1092 4146 per
1102 4090 1251 4136 maumam
1270 4091 1349 4152 figur*
1362 4098 1404 4132 un·

124 4150 356 4213 etquemadmadum
375 4150 461 4213 glacies
478 4151 501 4197 in
518 4153 614 4198 circuitu
631 4162 750 4198 cataractae
782 4166 847 4196 vexat
859 4150 879 4197 P
893 4151 917 4196 H
933 4149 1027 4204 Qcircri
1038 4151 1147 4197 eundem
1161 4169 1233 4200 uem
1254 4154 1279 4200 H
1294 4155 1316 4200 G
1327 4163 1406 4213 prm

125 4215 257 4270 constituta,
271 4216 290 4262 C
305 4216 327 4262 E
341 4215 369 4261 M
384 4218 415 4269 A.
429 4216 452 4261 D
467 4215 486 4262 Β
500 4217 523 4263 N
538 4217 558 4262 B
570 4215 750 4275 pertingebatad
784 4225 828 4261 mr.
867 4215 921 4261 Hoc
932 4215 1004 4275 igitur
1015 4214 1128 4268 solidum.
1143 4233 1188 4264 ceu
1202 4218 1316 4265 columna
1329 4210 1407 4263 ΗΝ

124 4278 269 4338 superficiem
283 4279 305 4325 A
320 4280 341 4326 B
353 4295 394 4326 seu
406 4279 531 4326 temrluum
542 4280 624 4343 glaciei
640 4277 751 4327 contiuuo
784 4277 852 4339 sopri
864 4278 980 4324 circellum
993 4279 1125 4342 congelata,
1146 4280 1317 4345 magnitudine
1331 4283 1406 4337 upa!

124 4339 272 4404 liquescentis
285 4343 309 4390 K
324 4346 346 4389 A
362 4344 382 4389 Β
396 4343 424 4398 1,
437 4342 468 4389 iat
480 4360 539 4406 aqua
550 4342 619 4404 suprd
630 4343 749 4390 circellum
784 4357 870 4389 conum
887 4342 954 4388 illum
974 4342 1042 4404 cujus
1061 4343 1125 4389 basis
1147 4356 1185 4391 est
1201 4345 1312 4392 etmttm
1328 4341 1406 4394 ΡΟ*

125 4406 246 4467 congelata
261 4405 396 4467 producitur
406 4407 436 4454 nd
447 4418 561 4468 punctum
576 4409 608 4458 H.
627 4408 651 4452 in
669 4407 750 4453 eidem
783 4406 882 4453 altitudo
896 4407 921 4452 tt
936 4406 966 4451 G.
987 4405 1069 4461 Quare
1083 4410 1138 4470 (per
1153 4408 1228 4470 Prop
1242 4409 1277 4456 X.
1293 4409 1342 4455 ὣ
1353 4400 1403 4451 xit

125 4469 246 4529 mpcrflcie
266 4472 323 4518 AB
341 4471 457 4531 positam,
476 4483 499 4518 et
516 4473 549 4519 uti
566 4472 651 4534 glacies
666 4475 691 4519 in
706 4475 750 4518 cir-
786 4471 885 4530 Elem.)¹
897 4471 1005 4517 columna
1022 4471 1150 4533 congelata
1176 4473 1237 4520 PH
1253 4475 1286 4529 Q.
1302 4473 1371 4533 tuit!
1381 4473 1406 4511 Ι

125 4535 190 4582 cuitu
207 4544 329 4585 cataracta
349 4552 444 4584 convetu
460 4545 493 4583 eat
515 4539 591 4584 acreda
612 4545 752 4584 cataractam
785 4533 853 4580 tenid
863 4547 927 4595 parte
937 4533 1034 4594 cylindri
1047 4550 1125 4595 aqut,
1144 4538 1218 4600 cujus
1229 4539 1292 4586 nnus
1302 4548 1334 4583 ot
1343 4528 1405 4581 ‹ffl-

125 4600 241 4647 aarum
259 4599 337 4662 (ata).
354 4603 386 4648 u'c
402 4604 469 4648 etiam
485 4604 594 4649 calamna
605 4617 673 4663 aquea
683 4599 752 4662 ειιρτὰ
786 4599 823 4644 lus
838 4600 857 4645 P
875 4600 899 4653 Q
915 4609 937 4644 et
948 4597 1047 4644 altitudo
1062 4600 1085 4645 G
1101 4599 1137 4647 ti.
1180 4603 1229 4648 Sed
1248 4604 1308 4648 sicut
1324 4595 1405 4644 tant·

125 4663 242 4712 circellum
258 4665 378 4720 cmuciatu
396 4668 419 4713 P
430 4667 460 4712 Η
471 4668 489 4719 Q
506 4682 601 4714 convexa
616 4667 659 4712 erit
675 4679 752 4712 cerrus
788 4662 810 4709 E
825 4664 851 4716 C.
867 4662 887 4710 Β
900 4664 924 4710 D
936 4661 1033 4709 sustinet
1041 4661 1139 4722 pandus
1151 4680 1224 4727 aqna
1234 4667 1261 4712 in
1272 4655 1406 4727 apula&

125 4730 751 4788 mamanaammaurssmrtuttm
788 4727 931 4785 CEMA,
953 4727 978 4774 D
994 4725 1016 4773 Β
1032 4726 1058 4775 Ν
1078 4727 1102 4775 Β
1121 4739 1254 4788 mutuate,
1270 4727 1305 4777 ild
1320 4720 1405 4776 &nh
