3074 5520
216 373 281 430 258
544 362 886 431 PHILOSOPfflAE
910 361 1210 431 NATURALIS
1271 360 1516 442 [Mesenae

216 534 410 621 singularum
427 547 532 619 partes
553 535 722 612 altissima,
746 533 879 598 vallibus
894 533 1026 598 totidem
1042 531 1261 596 intermediis
1279 531 1461 596 abinvicem
1470 538 1512 597 ‹b-

216 645 332 707 tinctae.
378 645 480 730 Igitur
502 645 649 731 quoniam
672 668 753 730 aqua
772 645 806 707 in
826 643 982 707 undarum
995 643 1087 730 jugis
1104 641 1213 706 altior
1230 656 1284 706 est
1300 666 1399 729 quum
1412 642 1512 705 inti

111 774 118 787 ·
214 752 357 836 partibus
373 753 508 816 immotis
526 753 555 816 L
573 753 615 829 K,
633 753 665 816 N
682 750 724 828 0,
747 751 864 815 defluet
877 749 987 814 eadem
1003 749 1044 813 de
1055 751 1230 836 jugorum
1247 749 1397 813 terminis
1410 746 1510 837 egil

215 862 273 924 &c
289 860 321 937 d,
338 861 359 936 f,
377 860 408 937 h,
425 860 457 936 lt,
473 863 530 923 &c
549 860 712 923 hincinde
733 881 840 921 versus
864 858 895 921 K
911 857 940 920 L
955 870 987 920 et
1003 857 1036 920 N
1055 856 1108 920 0:
1143 870 1182 920 et
1207 857 1370 942 quoniam
1389 857 1510 940 (itinn

215 964 328 1028 darum
343 967 474 1029 vallibus
489 966 667 1051 depressior
682 980 729 1030 est
744 988 839 1051 quam
852 965 886 1027 in
899 963 988 1028 fluidi
1002 963 1161 1047 partibus
1180 964 1334 1027 immotis
1355 964 1432 1041 KL,
1447 963 1506 1037 Nn.

215 1075 331 1139 defluet
360 1076 469 1139 eadem
494 1075 533 1140 de
556 1076 698 1161 portibus
721 1075 782 1137 illis
812 1074 946 1137 immotis
970 1074 1003 1135 in
1034 1072 1212 1135 undarum
1246 1073 1362 1136 valles.
1405 1072 1505 1136 Defltm

213 1185 318 1266 priore
333 1184 489 1247 undarum
500 1186 588 1271 juga,
610 1184 783 1268 posteriore
803 1182 898 1245 valles
912 1180 1081 1244 hincinde
1105 1180 1304 1245 dilatantur
1320 1194 1353 1245 et
1367 1204 1503 1269 propaga·

211 1305 264 1354 tur
279 1315 386 1356 versus
405 1293 436 1356 K
454 1293 483 1356 L
498 1306 530 1357 et
545 1294 578 1357 N
594 1293 635 1357 Ο.
682 1293 724 1356 Et
739 1293 887 1378 qnoniam
901 1304 1005 1355 motus
1028 1291 1206 1355 undarum
1229 1293 1276 1355 ab
1295 1294 1328 1357 A
1344 1316 1439 1356 versus
1452 1292 1500 1366 ΡΟ

211 1399 248 1461 flt
263 1421 321 1482 per
337 1400 521 1462 continuum
537 1398 697 1463 defluxum
707 1400 859 1485 jugorum
873 1398 906 1460 in
922 1397 1017 1461 valles
1028 1399 1224 1483 proximos,
1252 1399 1392 1486 ideoque
1405 1403 1435 1483 (³)
1446 1400 1498 1462 cele

210 1507 275 1569 rior
289 1530 352 1569 non
368 1520 415 1570 est
430 1507 523 1592 quim
538 1531 598 1593 pro
617 1508 774 1572 celeritate
792 1507 977 1584 descensus3
999 1519 1032 1571 et
1053 1507 1247 1574 descensus
1264 1533 1360 1597 nquae
1374 1511 1436 1573 hinc
1446 1509 1494 1572 inde

209 1639 321 1698 versus⁴
334 1616 365 1677 K
382 1615 411 1678 L
427 1628 458 1679 et
474 1616 506 1678 N
525 1615 557 1679 Ο
572 1616 682 1680 eidem
698 1616 861 1679 velocitate
876 1614 983 1701 peragi
999 1613 1098 1680 debet
1107 1639 1119 1691 ;
1137 1619 1383 1705 propagabitur
1394 1617 1494 1679 (libicis

209 1726 363 1788 undarum
380 1722 453 1787 hinc
469 1723 543 1787 inde
558 1747 665 1789 versus
688 1726 719 1789 K
736 1726 766 1789 L
781 1738 813 1789 et
828 1725 860 1790 N
877 1724 909 1788 Ο
922 1723 1033 1788 eidem
1056 1726 1243 1792 velocitate
1261 1728 1328 1815 qud
1344 1728 1426 1792 unde
1441 1728 1492 1811 ipa

108 1862 110 1871 ·
207 1834 247 1897 ab
264 1834 411 1897 Aversns
430 1834 457 1897 P
473 1834 506 1909 Q
522 1833 606 1897 recti
623 1835 878 1922 progrediuntur.
924 1832 1138 1920 Proindeque
1164 1839 1316 1921 spatium
1337 1851 1425 1901 totum
1443 1836 1491 1897 lia

206 1945 279 2008 inde
296 1968 401 2009 versus
418 1946 450 2009 K
468 1946 497 2009 L
512 1958 543 2010 et
559 1947 589 2010 N
608 1946 640 2010 Ο
655 1946 802 2009 abundis
818 1944 953 2009 dilatatis
968 1943 1049 2031 rsg
1065 1966 1092 2020 r,
1114 1967 1131 2007 s
1147 1946 1174 2009 h
1191 1947 1203 2009 i
1221 1970 1251 2024 S,
1270 1947 1488 2023 tltltvnnr,

205 2056 262 2120 &c
279 2054 491 2140 occupabitur.
526 2055 568 2131 Q.
585 2079 612 2120 e.
628 2055 659 2118 d.
707 2055 790 2118 Haec
805 2055 849 2118 ita
863 2076 895 2119 se
906 2053 1028 2118 babere
1045 2054 1193 2139 quilibet
1210 2057 1250 2120 in
1265 2058 1349 2143 aqui
1364 2070 1488 2143 sagnam

205 2162 344 2245 experiri
361 2175 473 2246 potest.
824 2200 831 2206 -

249 2272 317 2334 Cas.
335 2279 364 2333 2.
397 2271 555 2334 Ponamus
570 2273 637 2355 jam
660 2271 744 2356 quod
767 2271 832 2348 de,
848 2269 905 2359 fg,
923 2270 944 2333 Ιι
959 2269 980 2347 i,
995 2270 1017 2332 k
1032 2271 1055 2347 l,
1071 2293 1109 2333 m
1126 2294 1151 2334 n
1175 2273 1356 2361 designent
1375 2274 1484 2358 pulsusa

202 2390 320 2462 puncto
337 2379 367 2441 A
383 2401 440 2463 per
454 2379 592 2441 medium
608 2378 769 2442 clasticum
784 2378 956 2442 successive
977 2392 1197 2464 propagatos.
1253 2381 1295 2465 (ἅ)
1316 2381 1417 2445 Pulsus
1431 2400 1481 2462 pre

236 2548 271 2611 (⁵)
285 2552 296 2578 ⁸
310 2551 342 2596 In
352 2552 474 2598 undarum
484 2552 579 2598 milibus
595 2552 769 2612 depreniorert,
786 2549 828 2596 dc.
865 2547 929 2604 FG,
941 2556 963 2593 et
974 2560 1030 2593 cum
1042 2546 1132 2594 eidem
1146 2549 1286 2599 velocitate
1301 2552 1349 2614 qut
1364 2567 1400 2612 per
1414 2548 1480 2597 ar·-

206 2612 276 2673 Aqua
291 2612 354 2658 enim
365 2615 394 2659 ab
404 2613 525 2660 altioribus
541 2613 657 2660 undarum
674 2614 777 2672 pertibus
793 2628 832 2658 ca·
863 2610 1010 2658 uatacutum
1027 2613 1141 2667 incurrit,
1160 2624 1188 2660 et
1204 2616 1266 2676 qni,
1285 2611 1479 2667 sublmfflaffi,

202 2675 280 2723 dendo
290 2676 429 2723 celeritatem
441 2677 546 2738 acquirit,
563 2676 611 2740 qud
621 2676 682 2723 iniri
692 2676 832 2739 quiescentis
862 2685 954 2722 motum
970 2690 1012 2734 per
1032 2673 1091 2736 1²3,
1109 2691 1155 2723 seu
1167 2693 1217 2737 per
1231 2682 1257 2726 A
1275 2680 1297 2727 F
1311 2679 1432 2743 paam
1441 2690 1479 2723 n·

201 2754 268 2803 aqua
279 2739 425 2800 superficiem
436 2739 563 2789 deacmdit.
862 2740 982 2793 unumet,
1008 2748 1095 2799 estque
1114 2742 1233 2803 angulus
1256 2744 1386 2791 refleximis
1403 2736 1477 2789 ΗΕ

234 2801 268 2867 (⁰)
281 2807 295 2834 *
310 2806 408 2852 celerior
417 2822 466 2852 non
476 2814 508 2852 est
524 2804 595 2868 qudm
607 2822 651 2866 pro
662 2807 775 2853 celeritate
791 2807 831 2851 de-
862 2802 957 2864 equale
967 2815 996 2848 an
1033 2801 1057 2847 lo
1067 2802 1219 2852 incidentia
1234 2809 1258 2853 A
1271 2808 1294 2855 12
1304 2808 1338 2856 E.
1369 2804 1478 2854 rud·-

200 2866 291 2916 scensas
302 2871 331 2914 ab
339 2866 422 2915 eidem
431 2868 548 2916 undarum
555 2869 687 2924 altitudine,
698 2867 831 2931 undisque
858 2867 909 2928 jum
919 2865 981 2912 linea
1031 2865 1092 2913 Fut
1104 2870 1291 2929 perpendiculo
1310 2872 1333 2919 A
1346 2871 1368 2918 E
1380 2871 1475 2927 ch?

200 2931 225 2977 in
235 2931 315 2994 plagas
330 2932 349 2978 P
363 2933 395 2988 Q,
410 2932 435 2979 K
448 2933 477 2990 L,
492 2933 515 2979 N
529 2934 552 2980 0
564 2932 631 2995 teque
642 2933 732 2980 defluit·
862 2930 933 2977 ducto
943 2939 1050 2976 occurrn
1065 2929 1093 2976 in
1114 2931 1144 2978 H
1151 2950 1160 2991 3
1180 2944 1209 2982 et
1220 2936 1282 2997 qnia
1298 2935 1396 3000 angulus
1409 2928 1474 2980 ΠΙ

232 3001 287 3045 293.
315 2995 352 3042 Ex
364 2995 527 3043 demonstratis
541 2997 566 3042 in
581 2998 626 3044 hoc
642 3012 704 3052 casu,
720 3011 772 3043 mo-

200 3069 239 3106 tus
250 3059 321 3106 unda
331 3060 355 3105 in
366 3060 513 3107 obstaculum
524 3061 622 3122 planum
633 3061 772 3108 incurrentis

199 3122 290 3169 definiri
302 3133 382 3182 potest.
420 3124 547 3171 Undarum
564 3125 729 3172 motuscloco
747 3127 770 3171 A

198 3187 264 3249 quasi
278 3197 358 3234 centro
368 3198 516 3250 propagetur.
552 3188 661 3236 Incunat
671 3189 735 3236 undu
746 3188 771 3234 in

198 3250 311 3297 obstaculi
323 3252 413 3298 immoti
428 3253 449 3298 B
463 3253 482 3300 C
495 3263 608 3312 punctum
623 3253 649 3307 F,
662 3269 717 3300 cum
732 3268 771 3298 ve-

199 3313 292 3362 locitate
302 3325 326 3362 et
336 3315 462 3362 directione
477 3317 498 3362 A
514 3317 540 3363 F.
577 3315 658 3363 Ducti
668 3332 696 3363 ex
711 3318 734 3362 A
746 3317 771 3361 in

200 3379 222 3425 B
236 3380 255 3426 C
268 3379 452 3439 perpendiculari
467 3381 489 3426 A
504 3381 534 3435 E,
546 3381 708 3442 completoque
720 3395 769 3426 rec-

198 3444 296 3503 tangulo
310 3446 331 3489 A
346 3444 368 3490 E
383 3444 403 3490 F
416 3443 448 3496 K,
466 3444 594 3491 resolvatur
609 3454 688 3491 motus
705 3446 726 3490 A
743 3445 769 3498 F,

198 3505 222 3550 in
234 3508 294 3553 duos
308 3507 365 3553 alios
380 3517 457 3553 motus
476 3509 498 3554 A
513 3509 542 3562 E,
564 3509 584 3552 A
600 3508 632 3563 K,
651 3524 691 3553 sen
709 3506 770 3554 facti
792 3529 830 3587 A

201 3569 220 3614 F
234 3571 348 3632 Coeqnnli
363 3573 384 3617 A
400 3571 432 3626 K,
451 3573 564 3618 inmotus
577 3571 601 3617 K
617 3572 643 3627 F,
662 3572 681 3618 F
695 3572 729 3629 C;
746 3581 770 3618 et

198 3635 253 3694 quia
269 3635 389 3694 particule
405 3650 472 3696 equoe
483 3646 550 3682 motu
564 3636 583 3682 F
597 3637 616 3682 C
628 3636 653 3681 in
663 3638 770 3682 obstacu-

150 3735 155 3743 .
199 3697 249 3743 lum
262 3714 309 3745 non
321 3709 403 3760 agunt,
420 3710 472 3758 post
483 3700 610 3758 impactum
622 3710 719 3762 pergent
730 3699 768 3745 eti·

197 3761 251 3807 dem
262 3763 309 3823 qni
322 3763 376 3809 ante
387 3764 515 3823 impactum
527 3763 647 3809 velocitate
658 3779 685 3809 ac
696 3764 770 3810 direc-

197 3827 294 3872 tioneF
307 3826 433 3872 Cmoveri.
472 3829 506 3873 At
522 3837 586 3873 motu
608 3827 632 3873 K
647 3827 674 3882 F,
692 3827 768 3873 inob-
802 3820 828 3875 G
851 3849 863 3861 ν

197 3891 313 3938 staculum
330 3890 416 3936 directi
430 3891 577 3937 incurrentes
593 3901 685 3937 motum
702 3891 769 3938 illum

196 3970 298 4010 onmem,
316 3953 386 4016 juxti
406 3954 470 4015 leges
488 3954 609 4001 conflictis
629 3970 752 4014 corporum
775 3969 822 4000 non
855 3954 919 4001 =C
932 3953 953 4000 F
964 3953 1031 4000 G=
1040 3951 1064 3999 E
1080 3952 1102 4000 F
1116 3955 1152 4010 A,
1165 3956 1217 4005 erit
1229 3958 1255 4006 F.
1269 3959 1298 4007 H
1307 3977 1342 4005 =
1351 3942 1468 4005 Adai!

196 4020 351 4073 elnsticornm,
370 4019 483 4064 amittent.
521 4018 582 4065 Ciun
599 4030 678 4064 autem
694 4035 755 4080 aqua
766 4018 824 4065 inF
855 4036 890 4063 =
904 4021 926 4064 A
942 4017 962 4063 F
970 4036 1006 4062 =
1021 4016 1040 4063 F
1059 4017 1093 4070 G,
1115 4030 1142 4065 et
1163 4020 1225 4068 ideo
1244 4039 1309 4086 aqua
1326 4021 1404 4069 πίω
1414 4014 1468 4064 σὺ

195 4085 224 4128 ab
235 4084 280 4129 alit
291 4083 428 4144 insequente
440 4092 557 4143 urgeatur,
576 4093 599 4128 et
609 4083 754 4129 obstaculum
773 4087 825 4144 (per
857 4080 928 4128 modo
945 4080 1078 4127 movebitur
1095 4097 1139 4141 per
1162 4083 1185 4131 F
1201 4087 1235 4144 G,
1254 4103 1285 4134 ac
1295 4088 1316 4134 ςί
1326 4101 1355 4133 u
1365 4072 1468 4146 pun!

197 4147 278 4207 Hyp.)
295 4147 377 4193 cedere
393 4153 500 4208 nequent,
519 4146 645 4193 elevabitur
662 4147 702 4192 illa
712 4148 736 4192 in
751 4146 785 4202 F;
802 4156 826 4192 et
857 4145 922 4207 quasi
937 4160 966 4192 ex
982 4155 1062 4192 centro
1079 4146 1212 4195 undarum
1229 4162 1313 4199 motus
1326 4152 1468 4211 wi

194 4210 312 4258 deinden'
324 4211 433 4269 ponderis
447 4212 492 4261 sni,
510 4211 588 4265 idest,
606 4212 626 4255 vi
640 4211 721 4272 aquali
734 4209 827 4272 illiqui
857 4210 959 4271 cunique
979 4207 1156 4258 demonstratio
1180 4213 1238 4262 hac
1259 4216 1370 4263 «numm
1389 4198 1468 4259 Η

194 4275 354 4333 perobstaculi
363 4275 536 4338 longitudinem
545 4274 694 4330 eieramfuit,
702 4273 826 4322 descendet
858 4273 922 4333 plani
944 4274 966 4320 B
985 4273 1005 4319 C
1026 4274 1126 4332 punctis
1148 4290 1285 4341 magrini,
1308 4274 1468 4327 muniit-l

192 4339 216 4383 in
229 4340 322 4399 plagam
337 4339 356 4385 F
370 4338 401 4389 K.
415 4338 544 4400 eidemque
555 4338 652 4398 proinde
663 4339 782 4385 velocitate
793 4354 820 4384 ac
852 4337 928 4385 undas
945 4336 1039 4382 reflexas
1055 4337 1163 4385 eandem
1185 4342 1341 4392 velocium
1358 4340 1466 4393 aad*

192 4401 318 4450 directione
329 4405 358 4449 ab
369 4403 488 4449 obstaculo
505 4402 596 4449 recedet
606 4402 652 4464 qni
663 4403 693 4448 ad
707 4402 766 4449 illud
783 4417 820 4448 ac·
854 4400 955 4463 figuram
967 4398 1024 4447 citri
1035 4402 1198 4451 obstaculum
1211 4410 1329 4461 obtinere,
1340 4397 1467 4470 qum&

192 4476 296 4512 cesserat.
335 4468 371 4513 Ex
383 4471 427 4514 hoc
439 4479 504 4513 motu
521 4468 538 4512 F
551 4467 583 4516 K.
596 4477 620 4512 et
630 4482 657 4512 er
670 4466 717 4512 aiio
730 4467 750 4513 F
764 4467 784 4513 C
796 4467 820 4511 in
854 4465 979 4519 obstaculo,
991 4463 1055 4510 uitri
1067 4464 1163 4513 lineam
1182 4471 1204 4517 B
1220 4471 1390 4519 Chabuimt

191 4529 252 4592 equit
264 4532 357 4577 residuo
367 4543 521 4592 componetur
538 4542 616 4576 motus
636 4531 654 4576 F
668 4531 698 4583 G,
716 4546 756 4589 per
772 4530 821 4575 dia·
887 4528 920 4592 (Δ)
934 4532 945 4558 ”
960 4534 1014 4575 294.
1035 4531 1128 4577 lutam
1137 4540 1275 4596 propagari
1288 4541 1378 4596 conciet
1388 4538 1466 4595 μ’*

190 4594 299 4656 gonalem
317 4595 527 4657 parallelogrammi
541 4595 565 4641 K
581 4595 633 4641 FC
649 4596 687 4649 G;
705 4594 769 4640 unda
779 4594 822 4655 igi.
855 4597 949 4642 caenas
959 4595 1160 4643 condensatum
1172 4608 1196 4645 et
1209 4584 1466 4664 rarescat-tionem&³

190 4669 229 4706 tur
239 4675 253 4706 a
263 4669 352 4719 puncto
363 4660 382 4707 F
393 4659 518 4708 reflectitur
530 4660 659 4707 secundum
672 4658 824 4708 directionem
856 4668 884 4707 ut
897 4657 1001 4718 primum
1018 4667 1101 4717 partes
1118 4660 1198 4707 medii
1208 4674 1325 4723 epunrtc
1334 4660 1466 4723 Aput*

797 3674 832 3725 K
