3098 5534
113 373 237 443 mm
251 376 419 460 amaus]
463 376 708 447 earucrrm
732 377 1106 445 uarrrsuarrca.
1375 386 1415 444 n
1454 333 1460 341 ’

115 551 274 619 manabit
286 576 330 620 ex
343 555 592 635 indivisibilibus,
604 566 714 621 contra
723 577 794 643 qur·
808 554 975 625 :Euclides
991 552 1031 617 de
1047 553 1418 634 incommensurabilibus,

112 660 150 725 ia
174 660 259 725 libro
277 660 401 727 decinro
415 664 648 743 elementorum,
671 662 743 728 dem
781 662 902 725 stravit.
948 662 1067 724 Verum
1090 660 1159 725 lraec
1180 662 1313 748 objectio
1335 663 1420 729 tarsa

113 766 262 833 innititur·
285 768 462 857 hypothesi.
507 772 639 838 Ultimae
660 772 795 838 rationes
816 769 879 833 illae
893 770 1078 856 quibuscum
1092 770 1277 856 quantitates
1291 794 1418 837 evanes-

113 887 204 955 cunt,
229 898 340 942 revera
361 898 427 942 non
452 890 525 943 sunt
547 879 684 943 rationes
707 878 914 965 quantitatum
936 878 991 961 (³)
1013 877 1202 957 rdtirnarum,
1227 878 1282 944 sed
1304 880 1418 945 limites

111 981 159 1049 ad
179 1005 262 1069 quos
284 985 491 1070 quantitatum
505 986 572 1051 sine
593 985 691 1050 limite
705 985 949 1053 decrescentium
963 985 1098 1050 rationes
1112 1008 1234 1071 semper
1248 988 1418 1073 appropin-

112 1101 230 1176 quant3
253 1102 286 1155 et
306 1085 387 1178 quas
408 1094 539 1177 propius
561 1093 682 1181 assequi
695 1104 827 1179 possunt
842 1090 936 1180 quim
949 1114 1009 1176 pro
1023 1091 1096 1156 dart
1111 1092 1218 1180 quivis
1233 1092 1419 1173 differendi,

111 1218 280 1285 nunquam
304 1196 380 1263 rard
401 1199 586 1288 naasgredi,
608 1222 711 1287 neque
731 1198 819 1285 priris
840 1200 994 1287 attingere
1017 1198 1111 1287 quim
1126 1200 1311 1288 quantitates
1326 1201 1419 1265 dimi·

113 1286 260 1369 suuntur
283 1304 318 1369 tn
343 1305 511 1371 nmirum.
557 1308 622 1372 aas
645 1303 757 1372 crana
779 1307 971 1394 inungetur
991 1306 1025 1370 a
1054 1306 1175 1371 aare
1203 1307 1336 1395 magnas.
1382 1292 1418 1374 st

88 1434 93 1439 ·
113 1411 305 1499 quantitates
325 1411 410 1491 dure,
433 1435 566 1500 quarum
590 1413 664 1479 data
678 1428 724 1479 est
745 1413 928 1493 differentia,
944 1424 1117 1502 augeantur
1130 1414 1164 1477 in
1178 1414 1345 1493 infinittun,
1362 1416 1419 1483 da-

113 1518 205 1593 bitur
228 1518 344 1585 harum
364 1520 476 1586 ultima
494 1521 585 1599 ratio,
607 1522 755 1586 nimirum
769 1522 849 1587 ratio
863 1521 1057 1609 oequalitatis‚
1081 1539 1141 1586 nec
1154 1538 1259 1587 tamen
1275 1519 1347 1586 idel)
1361 1520 1418 1586 da·

114 1627 237 1692 buntur
246 1626 436 1714 quantitates
447 1629 567 1693 ultimae
575 1650 630 1694 seu
639 1630 785 1694 maximae
796 1651 928 1716 quarum
939 1629 999 1694 ista
1009 1642 1057 1695 est
1067 1629 1158 1694 ratio.
1204 1629 1243 1694 In
1259 1629 1417 1714 sequenti·

115 1735 179 1800 bus
197 1734 304 1822 igitur,
329 1735 358 1801 si
371 1735 500 1823 quando
513 1734 596 1800 facili
611 1759 715 1801 rerum
730 1737 896 1822 conceptui
910 1738 1086 1815 consulens,
1102 1737 1214 1801 dixero
1227 1735 1417 1822 quantitates

114 1838 214 1929 qudm
233 1842 392 1921 minimas,
415 1843 465 1907 rel
487 1856 713 1922 evanescentes,
736 1844 785 1908 vel
801 1844 937 1922 ultimas3
962 1866 1037 1909 cave
1052 1845 1206 1933 intelligas
1229 1843 1416 1931 quantitates

113 1948 335 2039 magnitudine
363 1948 596 2031 determinatas,
627 1950 684 2019 sed
707 1952 811 2040 cogita
831 1974 956 2037 semper
977 1951 1196 2017 diminuendos
1218 1951 1286 2015 sine
1305 1949 1416 2016 limite.

121 3348 150 3394 ἰι
158 3344 255 3407 paractis
266 3343 296 3400 C,
312 3350 337 3390 et
346 3355 368 3396 c,
380 3338 443 3388 adad
452 3348 481 3387 ut
490 3338 550 3386 dnm
559 3351 677 3401 punctum
685 3358 706 3398 c,
715 3358 755 3390 co-
787 3346 809 3397 b,
822 3342 866 3389 erit
876 3341 927 3402 ipsa
937 3341 1014 3390 fluens
1023 3343 1050 3392 A
1061 3344 1084 3399 b,
1107 3355 1201 3387 summa
1217 3342 1325 3389 omnium
1344 3343 1419 3392 incra.

121 3410 208 3459 incidit
217 3412 376 3469 eum'puncto
389 3407 417 3461 C,
430 3405 507 3452 omnis
514 3404 642 3453 velocitatis
650 3423 692 3469 per
702 3408 724 3455 E
734 3423 754 3462 c,
786 3416 922 3454 mentorum
940 3407 963 3452 Ε
975 3420 995 3461 c,
1012 3408 1041 3452 ab
1056 3406 1085 3460 Α,
1102 3420 1177 3467 nsque
1193 3406 1224 3453 ad
1240 3422 1262 3460 c.
1283 3408 1326 3454 erit
1345 3406 1421 3455 fluens

122 3473 328 3535 variatioeapiret.
359 3472 443 3526 Quare
466 3470 546 3535 (Lem
562 3470 599 3531 l.)
622 3472 756 3519 velocitates
787 3469 1353 3529 betummaomniumCaeritarcustluensrl
1367 3485 1420 3530 c,ct

121 3540 213 3605 quibus
232 3536 360 3585 fluentium
382 3534 526 3593 'mamaeam
547 3535 631 3582 codem
652 3546 756 3599 tempore
787 3534 999 3584 summaoranium
1009 3535 1279 3598 parallelogrammorum
1293 3538 1315 3585 B
1330 3538 1359 3587 E.
1377 3539 1420 3585 erit

122 3598 643 3670 genitaprimdnascuatuasuntunil'ormcs.
665 3600 756 3656 Q.e.ti
788 3616 842 3649 area
860 3602 882 3647 A
903 3614 916 3647 c
935 3602 952 3647 b
970 3597 1046 3645 fluens
1065 3602 1131 3664 (106,
1155 3600 1227 3661 107);
1253 3599 1309 3664 ergo
1328 3617 1421 3650 summa

158 3675 213 3717 rto.
228 3668 292 3715 Cum
301 3663 360 3729 ergo
368 3663 502 3710 velocitates
512 3664 641 3711 uniformes
652 3665 757 3727 sintspa-
788 3664 921 3713 fluxionurn
932 3673 968 3711 cst
977 3674 1006 3711 ut
1015 3664 1065 3725 ipsa
1075 3664 1192 3726 quantitas
1200 3664 1283 3712 fluens.

122 3730 258 3782 discedens
274 3740 383 3791 tempora
400 3727 563 3789 percurrendis
574 3729 758 3789 proportionales
824 3734 876 3777 lta
898 3728 1019 3784 Quoniam
1030 3729 1056 3775 in
1072 3728 1148 3789 rigord
1165 3731 1276 3788 superiori
1294 3729 1367 3777 fluxio
1377 3731 1419 3779 ali.

124 3800 172 3863 (5),
184 3796 336 3844 nranisestum
353 3804 389 3840 est
403 3791 519 3840 fluxiones
536 3793 606 3857 (tte)
624 3809 674 3841 esse
685 3795 710 3840 in
721 3810 758 3841 ra-
790 3810 844 3857 que,
862 3793 899 3841 vel
916 3794 1022 3841 abscissas
1036 3795 1057 3841 A
1074 3794 1103 3847 B,
1121 3793 1158 3840 vel
1176 3794 1289 3841 ordinata
1301 3795 1322 3842 C
1337 3796 1367 3851 Β,
1379 3806 1421 3844 aut

121 3866 189 3911 tinae
199 3862 400 3908 incrementorum
411 3855 605 3917 eodsmtempotc
613 3859 756 3919 genitorum,
790 3859 857 3906 arcias
881 3859 904 3905 A
923 3859 952 3913 C,
969 3858 1000 3905 ad
1026 3858 1148 3906 arbitrium
1170 3867 1281 3920 tanquam
1297 3858 1422 3909 uniformis

121 3928 184 3975 dum
201 3923 278 3986 primo
295 3931 424 3970 nascuntur
434 3920 471 3967 rel
493 3920 578 3969 ultimo
600 3932 757 3981 meramnum
790 3922 888 3983 spectari
899 3920 978 3984 possit,
989 3922 1118 3987 (Erdictis
1128 3922 1302 3982 tt5.lpatetex
1314 3923 1422 3983 plunlrus

123 3990 233 4053 adeoque
244 3999 272 4036 ut
282 3986 416 4034 fluxionem
427 3985 509 4032 relatio
520 3985 659 4042 inveniatur,
678 4002 757 4035 sume-
790 3987 933 4035 fluxionibus
954 4001 1027 4035 unam
1051 3998 1163 4050 tanquam
1182 3998 1327 4034 constantem
1354 4004 1422 4049 posse

124 4072 151 4104 aa
161 4064 255 4117 oportet
265 4054 411 4100 incrementa
421 4048 548 4097 fluentium
559 4049 642 4097 eodem
652 4061 757 4112 ternpore
790 4051 931 4099 considerari
943 4061 966 4098 et
977 4052 1106 4114 quantitate
1123 4050 1187 4097 finita
1200 4053 1315 4098 constanti
1327 4054 1420 4113 erponi,

124 4122 214 4185 genita,
221 4130 245 4165 et
252 4117 354 4178 primam
362 4129 445 4163 corum
453 4115 652 4162 incrementorum
661 4130 758 4163 nascen-
790 4116 848 4164 dum
859 4116 911 4163 alia
922 4115 1038 4163 fluxiones
1047 4117 1109 4162 sariri
1119 4116 1210 4162 ratione
1218 4117 1304 4163 mutari
1313 4127 1336 4163 et
1346 4132 1422 4180 quau·

121 4187 193 4242 u‘unr,
201 4184 237 4230 vel
246 4182 354 4229 ultimam
362 4178 550 4229 ermesccmium
560 4178 674 4228 radonem
684 4180 760 4228 coasi-
789 4181 894 4228 titatibus
904 4181 1052 4229 variabihirna
1062 4179 1146 4240 exponi
1157 4189 1261 4239 possunt.

122 4251 206 4301 deme
215 4258 329 4309 tanquam
339 4243 476 4291 relationem
492 4243 630 4291 tintinnum.
827 4250 880 4294 rte.
902 4246 982 4300 Quare
1004 4261 1060 4293 cum
1079 4245 1219 4306 quantitates
1235 4244 1355 4294 variabiles
1369 4263 1424 4297 ruas

161 4320 214 4362 147.
231 4311 299 4359 Hinc
307 4308 536 4356 sttmnraflurionum
548 4317 582 4354 cst
593 4310 761 4356 utaummain-
792 4311 893 4357 habeant
903 4309 1018 4358 fluxiones
1028 4326 1082 4372 quoe
1093 4308 1172 4357 rursirr
1182 4320 1280 4369 possunt
1290 4326 1340 4358 esse
1350 4314 1424 4361 raris.

123 4386 299 4428 martenum
306 4372 762 4430 amentiumreleranescentiumsum-
793 4374 857 4429 biles,
869 4375 943 4438 liquet
953 4375 1003 4423 dari
1014 4374 1128 4421 fluxiones
1140 4372 1277 4429 fluxionem,
1290 4392 1332 4424 reu
1340 4379 1423 4433 varios,

124 4462 165 4492 ma
175 4440 232 4489 verri
242 4440 440 4486 merementorrrm
451 4437 557 4483 omnium
568 4437 714 4485 nasccntium
726 4447 761 4485 est
792 4437 840 4484 imo
860 4439 963 4487 infinitos
982 4438 1115 4485 flurionnm
1137 4438 1237 4486 ordines.
1285 4439 1423 4490 Fluentium

124 4510 176 4570 ipsa
186 4505 307 4569 quantitas
316 4501 404 4559 iluens;
416 4516 472 4547 nam
483 4502 502 4547 si
514 4510 562 4548 tota
572 4516 627 4561 arcs
639 4504 661 4548 A
674 4516 687 4548 c
697 4504 713 4548 b
724 4502 760 4548 di·
792 4503 910 4549 finitarum
930 4503 1045 4550 fluxiones
1062 4502 1173 4549 dicuntur
1192 4502 1307 4550 fluximus
1326 4507 1422 4566 primm

125 4590 174 4620 rrsa
182 4570 330 4631 intelligatur
340 4566 364 4613 in
376 4565 593 4629 parallelogramma
602 4574 631 4613 ut
643 4566 665 4613 13
679 4566 710 4623 E,
721 4582 761 4614 co·
792 4568 875 4614 lrarum
887 4567 1002 4615 fluxiones
1013 4567 1094 4627 primae
1110 4566 1222 4614 dicuntur
1232 4568 1357 4616 fluentium
1369 4569 1423 4617 fini.

127 4652 230 4699 mamre
251 4646 368 4680 nanterus
395 4640 509 4693 augeatur
535 4638 560 4677 ct
587 4629 689 4679 latitudo
711 4632 760 4679 Bb
793 4641 869 4679 tarum
876 4629 991 4678 fluxiones
998 4630 1181 4685 socrrrrclae,etiti
1186 4632 1256 4691 porrd
1263 4633 1287 4678 irr
1294 4634 1420 4683 inlinitum.

126 4702 251 4749 minusue
275 4697 303 4745 in
330 4694 458 4750 nantum,
486 4709 579 4742 summa
599 4694 707 4742 omnium
728 4696 766 4741 irr-
832 4701 883 4743 150.
906 4696 985 4743 Ducti
996 4697 1058 4741 recti
1071 4696 1176 4751 VTH,
1192 4712 1245 4758 qnae
1262 4713 1356 4746 curvam
1373 4711 1425 4746 ten.

128 4776 303 4815 umatum
319 4758 468 4808 mmrtum
486 4759 541 4816 trs.
560 4761 590 4807 ab
605 4760 626 4808 t
646 4774 720 4824 usque
736 4760 766 4809 al
796 4770 837 4826 gat
848 4760 873 4806 in
887 4761 914 4819 C,
934 4761 1036 4824 ipsisque
1052 4762 1126 4808 beet
1139 4761 1161 4807 B
1175 4762 1197 4807 A
1209 4762 1328 4822 productis
1343 4778 1425 4812 occur.
