<?xml version="1.0" encoding="UTF-8"?>
<!DOCTYPE html PUBLIC "-//W3C//DTD XHTML 1.0 Transitional//EN"
    "http://www.w3.org/TR/xhtml1/DTD/xhtml1-transitional.dtd">
<html xmlns="http://www.w3.org/1999/xhtml" xml:lang="en" lang="en">
 <head>
  <title>
</title>
<meta http-equiv="Content-Type" content="text/html;charset=utf-8" />
  <meta name='ocr-system' content='tesseract 3.04.00' />
  <meta name='ocr-capabilities' content='ocr_page ocr_carea ocr_par ocr_line ocrx_word'/>
</head>
<body>
  <div class='ocr_page' id='page_1' title='image "./philosophinatur01newtgoog/philosophinatur01newtgoog_0078.png"; bbox 0 0 3098 5534; ppageno 0'>
   <div class='ocr_carea' id='block_1_1' title="bbox 138 356 1425 451">
    <p class='ocr_par' dir='ltr' id='par_1_1' title="bbox 138 356 1425 451">
     <span class='ocr_line' id='line_1_1' title="bbox 138 356 1425 451; baseline 0.021 -27"><span class='ocrx_word' id='word_1_1' title='bbox 138 356 257 425; x_wconf 76' lang='lat' dir='ltr'><strong>Leone</strong></span> <span class='ocrx_word' id='word_1_2' title='bbox 272 358 424 443; x_wconf 78' lang='lat' dir='ltr'><strong>Morus]</strong></span> <span class='ocrx_word' id='word_1_3' title='bbox 481 364 724 434; x_wconf 82' lang='lat' dir='ltr'><strong>PRINCIPIA</strong></span> <span class='ocrx_word' id='word_1_4' title='bbox 747 362 1118 443; x_wconf 78' lang='lat' dir='ltr'>MATHEMATICA.</span> <span class='ocrx_word' id='word_1_5' title='bbox 1387 396 1425 451; x_wconf 80' lang='lat'><strong>41</strong></span> 
     </span>
    </p>
   </div>
   <div class='ocr_carea' id='block_1_2' title="bbox 131 532 1428 866">
    <p class='ocr_par' dir='ltr' id='par_1_2' title="bbox 131 532 1428 866">
     <span class='ocr_line' id='line_1_2' title="bbox 133 532 1428 638; baseline 0.02 -37"><span class='ocrx_word' id='word_1_6' title='bbox 133 545 187 601; x_wconf 90' lang='lat' dir='ltr'><strong>ter</strong></span> <span class='ocrx_word' id='word_1_7' title='bbox 199 535 234 600; x_wconf 91' lang='lat' dir='ltr'><strong>in</strong></span> <span class='ocrx_word' id='word_1_8' title='bbox 248 532 412 616; x_wconf 79' lang='lat' dir='ltr'><strong>directum,</strong></span> <span class='ocrx_word' id='word_1_9' title='bbox 427 537 622 626; x_wconf 75' lang='lat' dir='ltr'>proindeque</span> <span class='ocrx_word' id='word_1_10' title='bbox 636 562 770 628; x_wconf 83' lang='lat' dir='ltr'><strong>corpora</strong></span> <span class='ocrx_word' id='word_1_11' title='bbox 782 546 944 631; x_wconf 79' lang='lat' dir='ltr'><strong>aequaliter</strong></span> <span class='ocrx_word' id='word_1_12' title='bbox 957 550 1115 637; x_wconf 82' lang='lat' dir='ltr'><strong>urgebunt</strong></span> <span class='ocrx_word' id='word_1_13' title='bbox 1122 551 1326 638; x_wconf 73' lang='lat' dir='ltr'><strong>obstandum,</strong></span> <span class='ocrx_word' id='word_1_14' title='bbox 1338 573 1371 625; x_wconf 91' lang='lat' dir='ltr'><strong>et</strong></span> <span class='ocrx_word' id='word_1_15' title='bbox 1379 563 1428 628; x_wconf 89' lang='lat' dir='ltr'><strong>id-</strong></span> 
     </span>
     <span class='ocr_line' id='line_1_3' title="bbox 131 644 1425 750; baseline 0.023 -43"><span class='ocrx_word' id='word_1_16' title='bbox 131 645 222 708; x_wconf 84' lang='lat' dir='ltr'><strong>cireo</strong></span> <span class='ocrx_word' id='word_1_17' title='bbox 236 644 399 733; x_wconf 76' lang='lat' dir='ltr'><strong>oequsliter</strong></span> <span class='ocrx_word' id='word_1_18' title='bbox 412 645 577 713; x_wconf 77' lang='lat' dir='ltr'><strong>trahentur</strong></span> <span class='ocrx_word' id='word_1_19' title='bbox 592 649 625 712; x_wconf 91' lang='lat' dir='ltr'><strong>in</strong></span> <span class='ocrx_word' id='word_1_20' title='bbox 638 649 782 716; x_wconf 85' lang='lat' dir='ltr'><strong>invicem.</strong></span> <span class='ocrx_word' id='word_1_21' title='bbox 807 656 846 738; x_wconf 61' lang='grc' dir='ltr'><strong>(Β)</strong></span> <span class='ocrx_word' id='word_1_22' title='bbox 862 654 996 719; x_wconf 80' lang='lat' dir='ltr'><strong>Tentavi</strong></span> <span class='ocrx_word' id='word_1_23' title='bbox 1010 657 1071 722; x_wconf 89' lang='lat' dir='ltr'><strong>hoc</strong></span> <span class='ocrx_word' id='word_1_24' title='bbox 1085 660 1118 722; x_wconf 90' lang='lat' dir='ltr'><strong>in</strong></span> <span class='ocrx_word' id='word_1_25' title='bbox 1128 676 1273 750; x_wconf 80' lang='lat' dir='ltr'><strong>magnete</strong></span> <span class='ocrx_word' id='word_1_26' title='bbox 1287 681 1319 732; x_wconf 89' lang='lat' dir='ltr'><strong>et</strong></span> <span class='ocrx_word' id='word_1_27' title='bbox 1332 669 1425 737; x_wconf 82' lang='lat' dir='ltr'><strong>ferro.</strong></span> 
     </span>
     <span class='ocr_line' id='line_1_4' title="bbox 131 753 1425 866; baseline 0.019 -47"><span class='ocrx_word' id='word_1_28' title='bbox 131 754 170 819; x_wconf 90' lang='lat' dir='ltr'><strong>Si</strong></span> <span class='ocrx_word' id='word_1_29' title='bbox 183 753 255 819; x_wconf 82' lang='lat' dir='ltr'><strong>baec</strong></span> <span class='ocrx_word' id='word_1_30' title='bbox 268 755 303 820; x_wconf 94' lang='lat' dir='ltr'><strong>in</strong></span> <span class='ocrx_word' id='word_1_31' title='bbox 324 756 459 821; x_wconf 77' lang='lat' dir='ltr'><strong>vasculis</strong></span> <span class='ocrx_word' id='word_1_32' title='bbox 480 759 616 844; x_wconf 88' lang='lat' dir='ltr'><strong>propriis</strong></span> <span class='ocrx_word' id='word_1_33' title='bbox 640 781 708 826; x_wconf 86' lang='lat' dir='ltr'><strong>sese</strong></span> <span class='ocrx_word' id='word_1_34' title='bbox 729 762 981 849; x_wconf 85' lang='lat' dir='ltr'><strong>contingentibus</strong></span> <span class='ocrx_word' id='word_1_35' title='bbox 1003 769 1132 833; x_wconf 83' lang='lat' dir='ltr'><strong>seorsim</strong></span> <span class='ocrx_word' id='word_1_36' title='bbox 1153 773 1264 857; x_wconf 77' lang='lat' dir='ltr'><strong>posite,</strong></span> <span class='ocrx_word' id='word_1_37' title='bbox 1286 777 1320 840; x_wconf 92' lang='lat' dir='ltr'><strong>in</strong></span> <span class='ocrx_word' id='word_1_38' title='bbox 1345 781 1425 866; x_wconf 69' lang='lat' dir='ltr'><strong>aqui</strong></span> 
     </span>
    </p>
   </div>
   <div class='ocr_carea' id='block_1_3' title="bbox 127 864 1425 1168">
    <p class='ocr_par' dir='ltr' id='par_1_3' title="bbox 127 864 1425 1168">
     <span class='ocr_line' id='line_1_5' title="bbox 129 864 1425 970; baseline 0.016 -41"><span class='ocrx_word' id='word_1_39' title='bbox 129 877 299 961; x_wconf 74' lang='lat' dir='ltr'><strong>stagnante</strong></span> <span class='ocrx_word' id='word_1_40' title='bbox 307 868 401 953; x_wconf 76' lang='lat' dir='ltr'><strong>juxta</strong></span> <span class='ocrx_word' id='word_1_41' title='bbox 422 868 564 946; x_wconf 88' lang='lat' dir='ltr'><strong>fluitent;</strong></span> <span class='ocrx_word' id='word_1_42' title='bbox 589 864 735 935; x_wconf 83' lang='lat' dir='ltr'><strong>neutrum</strong></span> <span class='ocrx_word' id='word_1_43' title='bbox 758 872 913 957; x_wconf 85' lang='lat' dir='ltr'><strong>propellet</strong></span> <span class='ocrx_word' id='word_1_44' title='bbox 934 874 1078 956; x_wconf 84' lang='lat' dir='ltr'><strong>alterum,</strong></span> <span class='ocrx_word' id='word_1_45' title='bbox 1094 879 1160 963; x_wconf 76' lang='lat' dir='ltr'><strong>[sed</strong></span> <span class='ocrx_word' id='word_1_46' title='bbox 1181 885 1356 970; x_wconf 77' lang='lat' dir='ltr'><strong>oequalitste</strong></span> <span class='ocrx_word' id='word_1_47' title='bbox 1378 903 1425 954; x_wconf 79' lang='lat' dir='ltr'><strong>st-</strong></span> 
     </span>
     <span class='ocr_line' id='line_1_6' title="bbox 128 965 1425 1083; baseline 0.019 -48"><span class='ocrx_word' id='word_1_48' title='bbox 128 972 295 1037; x_wconf 79' lang='lat' dir='ltr'><strong>tractionis</strong></span> <span class='ocrx_word' id='word_1_49' title='bbox 309 972 456 1060; x_wconf 89' lang='lat' dir='ltr'><strong>utrinque</strong></span> <span class='ocrx_word' id='word_1_50' title='bbox 471 975 668 1042; x_wconf 90' lang='lat' dir='ltr'><strong>sustinebunt</strong></span> <span class='ocrx_word' id='word_1_51' title='bbox 683 965 812 1043; x_wconf 82' lang='lat' dir='ltr'><strong>conatus</strong></span> <span class='ocrx_word' id='word_1_52' title='bbox 827 980 860 1043; x_wconf 92' lang='lat' dir='ltr'><strong>in</strong></span> <span class='ocrx_word' id='word_1_53' title='bbox 875 1004 907 1046; x_wconf 90' lang='lat' dir='ltr'><strong>se</strong></span> <span class='ocrx_word' id='word_1_54' title='bbox 922 994 1057 1064; x_wconf 88' lang='lat' dir='ltr'><strong>mutuos,</strong></span> <span class='ocrx_word' id='word_1_55' title='bbox 1073 1008 1111 1051; x_wconf 82' lang='lat' dir='ltr'><strong>sc</strong></span> <span class='ocrx_word' id='word_1_56' title='bbox 1131 989 1259 1055; x_wconf 76' lang='lat' dir='ltr'><strong>taudem</strong></span> <span class='ocrx_word' id='word_1_57' title='bbox 1280 993 1313 1057; x_wconf 94' lang='lat' dir='ltr'><strong>in</strong></span> <span class='ocrx_word' id='word_1_58' title='bbox 1328 997 1425 1083; x_wconf 82' lang='lat' dir='ltr'><strong>eequi-</strong></span> 
     </span>
     <span class='ocr_line' id='line_1_7' title="bbox 127 1077 594 1168; baseline 0.013 -26"><span class='ocrx_word' id='word_1_59' title='bbox 127 1077 226 1143; x_wconf 86' lang='lat' dir='ltr'><strong>librio</strong></span> <span class='ocrx_word' id='word_1_60' title='bbox 241 1080 411 1145; x_wconf 74' lang='lat' dir='ltr'><strong>constitute</strong></span> <span class='ocrx_word' id='word_1_61' title='bbox 425 1082 594 1168; x_wconf 89' lang='lat' dir='ltr'><strong>quiescent.</strong></span> 
     </span>
    </p>
   </div>
   <div class='ocr_carea' id='block_1_4' title="bbox 124 1185 1426 1521">
    <p class='ocr_par' dir='ltr' id='par_1_4' title="bbox 124 1185 1426 1521">
     <span class='ocr_line' id='line_1_8' title="bbox 175 1185 1425 1278; baseline 0.02 -28"><span class='ocrx_word' id='word_1_62' title='bbox 175 1185 231 1250; x_wconf 89' lang='lat' dir='ltr'><strong>Sic</strong></span> <span class='ocrx_word' id='word_1_63' title='bbox 246 1186 340 1250; x_wconf 80' lang='lat' dir='ltr'><strong>etiam</strong></span> <span class='ocrx_word' id='word_1_64' title='bbox 353 1186 490 1277; x_wconf 79' lang='lat' dir='ltr'><strong>gravitas</strong></span> <span class='ocrx_word' id='word_1_65' title='bbox 504 1189 588 1253; x_wconf 84' lang='lat' dir='ltr'><strong>inter</strong></span> <span class='ocrx_word' id='word_1_66' title='bbox 602 1202 716 1254; x_wconf 87' lang='lat' dir='ltr'><strong>terram</strong></span> <span class='ocrx_word' id='word_1_67' title='bbox 731 1203 764 1256; x_wconf 91' lang='lat' dir='ltr'><strong>et</strong></span> <span class='ocrx_word' id='word_1_68' title='bbox 778 1193 843 1278; x_wconf 91' lang='lat' dir='ltr'><strong>ejus</strong></span> <span class='ocrx_word' id='word_1_69' title='bbox 857 1206 962 1278; x_wconf 82' lang='lat' dir='ltr'><strong>partes</strong></span> <span class='ocrx_word' id='word_1_70' title='bbox 976 1208 1085 1263; x_wconf 86' lang='lat' dir='ltr'><strong>mutua</strong></span> <span class='ocrx_word' id='word_1_71' title='bbox 1098 1213 1155 1264; x_wconf 76' lang='lat' dir='ltr'><strong>est.</strong></span> <span class='ocrx_word' id='word_1_72' title='bbox 1198 1202 1328 1270; x_wconf 83' lang='lat' dir='ltr'><strong>Secetnr</strong></span> <span class='ocrx_word' id='word_1_73' title='bbox 1342 1219 1425 1274; x_wconf 82' lang='lat' dir='ltr'><strong>terro</strong></span> 
     </span>
     <span class='ocr_line' id='line_1_9' title="bbox 127 1288 1426 1396; baseline 0.018 -40"><span class='ocrx_word' id='word_1_74' title='bbox 127 1288 158 1357; x_wconf 87' lang='lat' dir='ltr'>F</span> <span class='ocrx_word' id='word_1_75' title='bbox 174 1291 305 1378; x_wconf 84' lang='lat' dir='ltr'><strong>Ipleno</strong></span> <span class='ocrx_word' id='word_1_76' title='bbox 319 1293 429 1379; x_wconf 85' lang='lat' dir='ltr'><strong>quovis</strong></span> <span class='ocrx_word' id='word_1_77' title='bbox 445 1293 474 1358; x_wconf 89' lang='grc' dir='ltr'>Ε</span> <span class='ocrx_word' id='word_1_78' title='bbox 491 1295 525 1360; x_wconf 88' lang='lat' dir='ltr'>G</span> <span class='ocrx_word' id='word_1_79' title='bbox 539 1296 571 1358; x_wconf 90' lang='lat' dir='ltr'><strong>in</strong></span> <span class='ocrx_word' id='word_1_80' title='bbox 585 1309 691 1381; x_wconf 83' lang='lat' dir='ltr'><strong>partes</strong></span> <span class='ocrx_word' id='word_1_81' title='bbox 706 1298 784 1363; x_wconf 84' lang='lat' dir='ltr'><strong>duas</strong></span> <span class='ocrx_word' id='word_1_82' title='bbox 800 1299 830 1363; x_wconf 86' lang='lat' dir='ltr'>E</span> <span class='ocrx_word' id='word_1_83' title='bbox 845 1299 879 1364; x_wconf 91' lang='lat' dir='ltr'>G</span> <span class='ocrx_word' id='word_1_84' title='bbox 895 1300 923 1365; x_wconf 86' lang='lat' dir='ltr'><strong>F</strong></span> <span class='ocrx_word' id='word_1_85' title='bbox 937 1321 968 1366; x_wconf 92' lang='lat' dir='ltr'><strong>et</strong></span> <span class='ocrx_word' id='word_1_86' title='bbox 983 1303 1013 1367; x_wconf 86' lang='lat' dir='ltr'>E</span> <span class='ocrx_word' id='word_1_87' title='bbox 1029 1306 1062 1370; x_wconf 90' lang='lat' dir='ltr'>G</span> <span class='ocrx_word' id='word_1_88' title='bbox 1078 1306 1114 1370; x_wconf 87' lang='lat' dir='ltr'><strong>l:</strong></span> <span class='ocrx_word' id='word_1_89' title='bbox 1138 1320 1170 1372; x_wconf 92' lang='lat' dir='ltr'><strong>et</strong></span> <span class='ocrx_word' id='word_1_90' title='bbox 1184 1310 1316 1396; x_wconf 80' lang='lat' dir='ltr'><strong>oequslia</strong></span> <span class='ocrx_word' id='word_1_91' title='bbox 1332 1329 1426 1381; x_wconf 85' lang='lat' dir='ltr'><strong>erunt</strong></span> 
     </span>
     <span class='ocr_line' id='line_1_10' title="bbox 124 1400 1012 1521; baseline 0.009 -55"><span class='ocrx_word' id='word_1_92' title='bbox 124 1400 245 1468; x_wconf 79' lang='lat' dir='ltr'><strong>herum</strong></span> <span class='ocrx_word' id='word_1_93' title='bbox 258 1405 402 1490; x_wconf 85' lang='lat' dir='ltr'><strong>pondera</strong></span> <span class='ocrx_word' id='word_1_94' title='bbox 415 1405 449 1468; x_wconf 91' lang='lat' dir='ltr'><strong>in</strong></span> <span class='ocrx_word' id='word_1_95' title='bbox 461 1428 494 1470; x_wconf 91' lang='lat' dir='ltr'><strong>se</strong></span> <span class='ocrx_word' id='word_1_96' title='bbox 505 1418 624 1470; x_wconf 89' lang='lat' dir='ltr'><strong>mutuo.</strong></span> <span class='ocrx_word' id='word_1_97' title='bbox 663 1405 746 1473; x_wconf 82' lang='lat' dir='ltr'><strong>Nem</strong></span> <span class='ocrx_word' id='word_1_98' title='bbox 759 1408 785 1471; x_wconf 92' lang='lat' dir='ltr'><strong>si</strong></span> <span class='ocrx_word' id='word_1_99' title='bbox 796 1408 863 1494; x_wconf 84' lang='lat' dir='ltr'><strong>pla·</strong></span> <span class='ocrx_word' id='word_1_100' title='bbox 980 1446 1012 1521; x_wconf 64' lang='lat' dir='ltr'>B</span> 
     </span>
    </p>
   </div>
   <div class='ocr_carea' id='block_1_5' title="bbox 125 1509 863 1816">
    <p class='ocr_par' dir='ltr' id='par_1_5' title="bbox 125 1509 863 1816">
     <span class='ocr_line' id='line_1_11' title="bbox 125 1509 863 1601; baseline 0.012 -29"><span class='ocrx_word' id='word_1_101' title='bbox 125 1531 173 1588; x_wconf 85' lang='lat' dir='ltr'><strong>no</strong></span> <span class='ocrx_word' id='word_1_102' title='bbox 187 1509 252 1574; x_wconf 81' lang='lat' dir='ltr'><strong>ulio</strong></span> <span class='ocrx_word' id='word_1_103' title='bbox 268 1510 307 1576; x_wconf 93' lang='lat' dir='ltr'>H</span> <span class='ocrx_word' id='word_1_104' title='bbox 323 1510 357 1577; x_wconf 92' lang='lat' dir='ltr'>K</span> <span class='ocrx_word' id='word_1_105' title='bbox 371 1510 456 1598; x_wconf 92' lang='lat' dir='ltr'><strong>quod</strong></span> <span class='ocrx_word' id='word_1_106' title='bbox 470 1511 568 1597; x_wconf 83' lang='lat' dir='ltr'><strong>priori</strong></span> <span class='ocrx_word' id='word_1_107' title='bbox 584 1512 613 1577; x_wconf 89' lang='grc' dir='ltr'>Ε</span> <span class='ocrx_word' id='word_1_108' title='bbox 629 1514 661 1579; x_wconf 93' lang='lat' dir='ltr'>G</span> <span class='ocrx_word' id='word_1_109' title='bbox 678 1515 863 1601; x_wconf 81' lang='lat' dir='ltr'><strong>parallelum</strong></span> 
     </span>
     <span class='ocr_line' id='line_1_12' title="bbox 126 1619 862 1727; baseline 0.008 -43"><span class='ocrx_word' id='word_1_110' title='bbox 126 1619 179 1699; x_wconf 82' lang='lat' dir='ltr'><strong>sit,</strong></span> <span class='ocrx_word' id='word_1_111' title='bbox 194 1640 271 1704; x_wconf 80' lang='lat' dir='ltr'><strong>pars</strong></span> <span class='ocrx_word' id='word_1_112' title='bbox 293 1620 394 1706; x_wconf 81' lang='lat' dir='ltr'><strong>major</strong></span> <span class='ocrx_word' id='word_1_113' title='bbox 416 1620 446 1727; x_wconf 56' lang='lat' dir='ltr'><strong>kE</strong></span> <span class='ocrx_word' id='word_1_114' title='bbox 461 1621 495 1686; x_wconf 90' lang='lat' dir='ltr'>G</span> <span class='ocrx_word' id='word_1_115' title='bbox 509 1621 526 1689; x_wconf 94' lang='grc' dir='ltr'>Ι</span> <span class='ocrx_word' id='word_1_116' title='bbox 552 1633 675 1687; x_wconf 86' lang='lat' dir='ltr'><strong>secetur</strong></span> <span class='ocrx_word' id='word_1_117' title='bbox 698 1624 732 1686; x_wconf 91' lang='lat' dir='ltr'><strong>in</strong></span> <span class='ocrx_word' id='word_1_118' title='bbox 758 1637 862 1709; x_wconf 82' lang='lat' dir='ltr'><strong>partes</strong></span> 
     </span>
     <span class='ocr_line' id='line_1_13' title="bbox 126 1723 861 1816; baseline 0.012 -26"><span class='ocrx_word' id='word_1_119' title='bbox 126 1723 208 1790; x_wconf 82' lang='lat' dir='ltr'><strong>dnus</strong></span> <span class='ocrx_word' id='word_1_120' title='bbox 225 1725 256 1791; x_wconf 85' lang='lat' dir='ltr'>E</span> <span class='ocrx_word' id='word_1_121' title='bbox 273 1725 307 1792; x_wconf 92' lang='lat' dir='ltr'>G</span> <span class='ocrx_word' id='word_1_122' title='bbox 324 1726 861 1816; x_wconf 84' lang='lat' dir='ltr'><strong>KHetHKI,querumHKI</strong></span> 
     </span>
    </p>
   </div>
   <div class='ocr_carea' id='block_1_6' title="bbox 125 1832 1421 3324">
    <p class='ocr_par' dir='ltr' id='par_1_6' title="bbox 125 1832 1421 3216">
     <span class='ocr_line' id='line_1_14' title="bbox 126 1832 921 1921; baseline 0.013 -25"><span class='ocrx_word' id='word_1_123' title='bbox 126 1832 258 1921; x_wconf 74' lang='lat' dir='ltr'><strong>oequnlis</strong></span> <span class='ocrx_word' id='word_1_124' title='bbox 281 1834 322 1899; x_wconf 90' lang='lat' dir='ltr'><strong>sit</strong></span> <span class='ocrx_word' id='word_1_125' title='bbox 342 1834 424 1920; x_wconf 85' lang='lat' dir='ltr'><strong>parti</strong></span> <span class='ocrx_word' id='word_1_126' title='bbox 444 1836 531 1921; x_wconf 89' lang='lat' dir='ltr'><strong>prius</strong></span> <span class='ocrx_word' id='word_1_127' title='bbox 552 1837 695 1903; x_wconf 84' lang='lat' dir='ltr'><strong>abscissae</strong></span> <span class='ocrx_word' id='word_1_128' title='bbox 718 1839 747 1905; x_wconf 88' lang='lat' dir='ltr'><strong>E</strong></span> <span class='ocrx_word' id='word_1_129' title='bbox 764 1838 859 1905; x_wconf 76' lang='lat' dir='ltr'><strong>PG:</strong></span> <span class='ocrx_word' id='word_1_130' title='bbox 891 1847 921 1919; x_wconf 73' lang='lat' dir='ltr'><strong>F</strong></span> 
     </span>
     <span class='ocr_line' id='line_1_15' title="bbox 125 1939 859 2028; baseline 0.007 -23"><span class='ocrx_word' id='word_1_131' title='bbox 125 1939 329 2006; x_wconf 80' lang='lat' dir='ltr'><strong>menifestum</strong></span> <span class='ocrx_word' id='word_1_132' title='bbox 340 1941 480 2028; x_wconf 89' lang='lat' dir='ltr'><strong>estquod</strong></span> <span class='ocrx_word' id='word_1_133' title='bbox 491 1965 563 2026; x_wconf 85' lang='lat' dir='ltr'><strong>pars</strong></span> <span class='ocrx_word' id='word_1_134' title='bbox 574 1943 677 2008; x_wconf 85' lang='lat' dir='ltr'><strong>media</strong></span> <span class='ocrx_word' id='word_1_135' title='bbox 688 1942 718 2007; x_wconf 90' lang='grc' dir='ltr'>Ε</span> <span class='ocrx_word' id='word_1_136' title='bbox 731 1944 762 2008; x_wconf 91' lang='lat' dir='ltr'>G</span> <span class='ocrx_word' id='word_1_137' title='bbox 776 1944 808 2009; x_wconf 89' lang='lat' dir='ltr'>K</span> <span class='ocrx_word' id='word_1_138' title='bbox 821 1946 859 2011; x_wconf 94' lang='lat' dir='ltr'><strong>H</strong></span> 
     </span>
     <span class='ocr_line' id='line_1_16' title="bbox 126 2051 858 2139; baseline 0.004 -24"><span class='ocrx_word' id='word_1_139' title='bbox 126 2051 269 2137; x_wconf 84' lang='lat' dir='ltr'><strong>pondere</strong></span> <span class='ocrx_word' id='word_1_140' title='bbox 283 2051 415 2137; x_wconf 89' lang='lat' dir='ltr'><strong>proprio</strong></span> <span class='ocrx_word' id='word_1_141' title='bbox 430 2051 462 2116; x_wconf 91' lang='lat' dir='ltr'><strong>iu</strong></span> <span class='ocrx_word' id='word_1_142' title='bbox 482 2067 625 2118; x_wconf 80' lang='lat' dir='ltr'><strong>neutram</strong></span> <span class='ocrx_word' id='word_1_143' title='bbox 644 2054 781 2139; x_wconf 83' lang='lat' dir='ltr'><strong>partium</strong></span> <span class='ocrx_word' id='word_1_144' title='bbox 803 2077 858 2118; x_wconf 88' lang='lat' dir='ltr'><strong>ex·</strong></span> 
     </span>
     <span class='ocr_line' id='line_1_17' title="bbox 127 2156 857 2247; baseline 0.003 -24"><span class='ocrx_word' id='word_1_145' title='bbox 127 2170 299 2223; x_wconf 65' lang='lat' dir='ltr'><strong>munerum</strong></span> <span class='ocrx_word' id='word_1_146' title='bbox 308 2156 528 2242; x_wconf 84' lang='lat' dir='ltr'><strong>propendebit,</strong></span> <span class='ocrx_word' id='word_1_147' title='bbox 539 2157 594 2223; x_wconf 88' lang='lat' dir='ltr'><strong>sed</strong></span> <span class='ocrx_word' id='word_1_148' title='bbox 602 2158 683 2223; x_wconf 89' lang='lat' dir='ltr'><strong>inter</strong></span> <span class='ocrx_word' id='word_1_149' title='bbox 695 2173 857 2247; x_wconf 83' lang='lat' dir='ltr'><strong>utramque</strong></span> 
     </span>
     <span class='ocr_line' id='line_1_18' title="bbox 126 2224 1010 2348; baseline 0.003 -23"><span class='ocrx_word' id='word_1_150' title='bbox 126 2260 158 2325; x_wconf 90' lang='lat' dir='ltr'><strong>in</strong></span> <span class='ocrx_word' id='word_1_151' title='bbox 170 2259 363 2348; x_wconf 80' lang='lat' dir='ltr'><strong>aequilibrio,</strong></span> <span class='ocrx_word' id='word_1_152' title='bbox 379 2273 415 2324; x_wconf 90' lang='lat' dir='ltr'><strong>ut</strong></span> <span class='ocrx_word' id='word_1_153' title='bbox 435 2261 479 2325; x_wconf 83' lang='lat' dir='ltr'><strong>ite</strong></span> <span class='ocrx_word' id='word_1_154' title='bbox 499 2260 612 2338; x_wconf 80' lang='lat' dir='ltr'><strong>dicum,</strong></span> <span class='ocrx_word' id='word_1_155' title='bbox 638 2262 856 2347; x_wconf 86' lang='lat' dir='ltr'><strong>suspendetur,</strong></span> <span class='ocrx_word' id='word_1_156' title='bbox 979 2224 1010 2293; x_wconf 68' lang='lat' dir='ltr'>G</span> 
     </span>
     <span class='ocr_line' id='line_1_19' title="bbox 126 2366 1421 2456; baseline 0.002 -23"><span class='ocrx_word' id='word_1_157' title='bbox 126 2379 156 2433; x_wconf 87' lang='lat' dir='ltr'><strong>et</strong></span> <span class='ocrx_word' id='word_1_158' title='bbox 168 2366 321 2455; x_wconf 75' lang='lat' dir='ltr'><strong>quiescet.</strong></span> <span class='ocrx_word' id='word_1_159' title='bbox 369 2366 447 2433; x_wconf 81' lang='lat' dir='ltr'><strong>Pars</strong></span> <span class='ocrx_word' id='word_1_160' title='bbox 458 2379 563 2432; x_wconf 82' lang='lat' dir='ltr'><strong>autem</strong></span> <span class='ocrx_word' id='word_1_161' title='bbox 578 2380 719 2432; x_wconf 84' lang='lat' dir='ltr'><strong>extrema</strong></span> <span class='ocrx_word' id='word_1_162' title='bbox 734 2367 771 2434; x_wconf 91' lang='lat' dir='ltr'>H</span> <span class='ocrx_word' id='word_1_163' title='bbox 787 2368 820 2433; x_wconf 88' lang='lat' dir='ltr'>K</span> <span class='ocrx_word' id='word_1_164' title='bbox 836 2369 853 2434; x_wconf 96' lang='lat' dir='ltr'>I</span> <span class='ocrx_word' id='word_1_165' title='bbox 875 2378 942 2435; x_wconf 86' lang='lat' dir='ltr'><strong>toto</strong></span> <span class='ocrx_word' id='word_1_166' title='bbox 964 2390 1022 2435; x_wconf 87' lang='lat' dir='ltr'><strong>suo</strong></span> <span class='ocrx_word' id='word_1_167' title='bbox 1042 2368 1184 2456; x_wconf 87' lang='lat' dir='ltr'><strong>pondere</strong></span> <span class='ocrx_word' id='word_1_168' title='bbox 1206 2371 1366 2437; x_wconf 85' lang='lat' dir='ltr'><strong>incumbet</strong></span> <span class='ocrx_word' id='word_1_169' title='bbox 1387 2372 1421 2436; x_wconf 93' lang='lat' dir='ltr'><strong>in</strong></span> 
     </span>
     <span class='ocr_line' id='line_1_20' title="bbox 126 2477 1421 2566; baseline 0 -23"><span class='ocrx_word' id='word_1_170' title='bbox 126 2491 246 2562; x_wconf 73' lang='lat' dir='ltr'><strong>pentem</strong></span> <span class='ocrx_word' id='word_1_171' title='bbox 259 2477 410 2557; x_wconf 80' lang='lat' dir='ltr'><strong>medinm,</strong></span> <span class='ocrx_word' id='word_1_172' title='bbox 427 2490 459 2542; x_wconf 94' lang='lat' dir='ltr'><strong>et</strong></span> <span class='ocrx_word' id='word_1_173' title='bbox 473 2478 599 2566; x_wconf 84' lang='lat' dir='ltr'><strong>urgebit</strong></span> <span class='ocrx_word' id='word_1_174' title='bbox 619 2477 705 2542; x_wconf 82' lang='lat' dir='ltr'><strong>illam</strong></span> <span class='ocrx_word' id='word_1_175' title='bbox 726 2479 759 2542; x_wconf 91' lang='lat' dir='ltr'><strong>in</strong></span> <span class='ocrx_word' id='word_1_176' title='bbox 781 2490 902 2563; x_wconf 85' lang='lat' dir='ltr'><strong>partem</strong></span> <span class='ocrx_word' id='word_1_177' title='bbox 925 2478 1055 2544; x_wconf 79' lang='lat' dir='ltr'><strong>alteram</strong></span> <span class='ocrx_word' id='word_1_178' title='bbox 1080 2490 1252 2544; x_wconf 76' lang='lat' dir='ltr'><strong>extremum</strong></span> <span class='ocrx_word' id='word_1_179' title='bbox 1278 2478 1357 2544; x_wconf 83' lang='lat' dir='ltr'><strong>EG</strong></span> <span class='ocrx_word' id='word_1_180' title='bbox 1372 2479 1421 2558; x_wconf 64' lang='lat'><strong>1²3</strong></span> 
     </span>
     <span class='ocr_line' id='line_1_21' title="bbox 128 2585 1421 2676; baseline 0.001 -23"><span class='ocrx_word' id='word_1_181' title='bbox 128 2588 260 2676; x_wconf 83' lang='lat' dir='ltr'><strong>ideoque</strong></span> <span class='ocrx_word' id='word_1_182' title='bbox 274 2587 322 2650; x_wconf 86' lang='lat' dir='ltr'><strong>vis</strong></span> <span class='ocrx_word' id='word_1_183' title='bbox 337 2586 399 2674; x_wconf 75' lang='lat' dir='ltr'><strong>qui</strong></span> <span class='ocrx_word' id='word_1_184' title='bbox 415 2587 550 2670; x_wconf 80' lang='lat' dir='ltr'><strong>partium</strong></span> <span class='ocrx_word' id='word_1_185' title='bbox 568 2585 605 2650; x_wconf 92' lang='lat' dir='ltr'>H</span> <span class='ocrx_word' id='word_1_186' title='bbox 622 2586 687 2653; x_wconf 82' lang='lat' dir='ltr'><strong>K&#39;I</strong></span> <span class='ocrx_word' id='word_1_187' title='bbox 702 2600 734 2652; x_wconf 93' lang='lat' dir='ltr'><strong>et</strong></span> <span class='ocrx_word' id='word_1_188' title='bbox 749 2588 779 2653; x_wconf 92' lang='grc' dir='ltr'>Ε</span> <span class='ocrx_word' id='word_1_189' title='bbox 792 2587 920 2653; x_wconf 89' lang='lat' dir='ltr'><strong>GKH</strong></span> <span class='ocrx_word' id='word_1_190' title='bbox 934 2610 1058 2653; x_wconf 81' lang='lat' dir='ltr'><strong>summe</strong></span> <span class='ocrx_word' id='word_1_191' title='bbox 1072 2588 1102 2654; x_wconf 88' lang='lat' dir='ltr'>E</span> <span class='ocrx_word' id='word_1_192' title='bbox 1117 2589 1150 2654; x_wconf 89' lang='lat' dir='ltr'>G</span> <span class='ocrx_word' id='word_1_193' title='bbox 1166 2587 1183 2652; x_wconf 90' lang='lat' dir='ltr'><strong>l</strong></span> <span class='ocrx_word' id='word_1_194' title='bbox 1197 2587 1299 2654; x_wconf 90' lang='lat' dir='ltr'><strong>tendit</strong></span> <span class='ocrx_word' id='word_1_195' title='bbox 1311 2610 1421 2655; x_wconf 86' lang='lat' dir='ltr'><strong>versus</strong></span> 
     </span>
     <span class='ocr_line' id='line_1_22' title="bbox 128 2694 1421 2783; baseline 0.001 -21"><span class='ocrx_word' id='word_1_196' title='bbox 128 2710 246 2782; x_wconf 79' lang='lat' dir='ltr'><strong>purtem</strong></span> <span class='ocrx_word' id='word_1_197' title='bbox 259 2697 388 2762; x_wconf 79' lang='lat' dir='ltr'><strong>tertiam</strong></span> <span class='ocrx_word' id='word_1_198' title='bbox 404 2696 433 2761; x_wconf 88' lang='lat' dir='ltr'><strong>E</strong></span> <span class='ocrx_word' id='word_1_199' title='bbox 449 2697 482 2761; x_wconf 90' lang='lat' dir='ltr'>G</span> <span class='ocrx_word' id='word_1_200' title='bbox 499 2696 536 2774; x_wconf 86' lang='lat' dir='ltr'><strong>F,</strong></span> <span class='ocrx_word' id='word_1_201' title='bbox 552 2694 681 2783; x_wconf 83' lang='lat' dir='ltr'><strong>aequslis</strong></span> <span class='ocrx_word' id='word_1_202' title='bbox 697 2709 745 2761; x_wconf 90' lang='lat' dir='ltr'><strong>est</strong></span> <span class='ocrx_word' id='word_1_203' title='bbox 758 2697 891 2782; x_wconf 86' lang='lat' dir='ltr'><strong>ponderi</strong></span> <span class='ocrx_word' id='word_1_204' title='bbox 905 2697 1003 2783; x_wconf 81' lang='lat' dir='ltr'><strong>partis</strong></span> <span class='ocrx_word' id='word_1_205' title='bbox 1019 2696 1056 2761; x_wconf 93' lang='lat' dir='ltr'>H</span> <span class='ocrx_word' id='word_1_206' title='bbox 1071 2696 1106 2763; x_wconf 90' lang='lat' dir='ltr'><strong>K</strong></span> <span class='ocrx_word' id='word_1_207' title='bbox 1120 2697 1148 2775; x_wconf 88' lang='lat'><strong>1,</strong></span> <span class='ocrx_word' id='word_1_208' title='bbox 1171 2696 1204 2761; x_wconf 91' lang='lat' dir='ltr'><strong>id</strong></span> <span class='ocrx_word' id='word_1_209' title='bbox 1226 2708 1275 2762; x_wconf 91' lang='lat' dir='ltr'><strong>est</strong></span> <span class='ocrx_word' id='word_1_210' title='bbox 1286 2696 1421 2783; x_wconf 88' lang='lat' dir='ltr'><strong>ponderi</strong></span> 
     </span>
     <span class='ocr_line' id='line_1_23' title="bbox 128 2803 1421 2892; baseline 0.001 -21"><span class='ocrx_word' id='word_1_211' title='bbox 128 2806 220 2890; x_wconf 80' lang='lat' dir='ltr'><strong>pertis</strong></span> <span class='ocrx_word' id='word_1_212' title='bbox 234 2805 339 2871; x_wconf 75' lang='lat' dir='ltr'><strong>tertie</strong></span> <span class='ocrx_word' id='word_1_213' title='bbox 351 2803 382 2869; x_wconf 88' lang='grc' dir='ltr'>Ε</span> <span class='ocrx_word' id='word_1_214' title='bbox 393 2803 427 2870; x_wconf 92' lang='lat' dir='ltr'>G</span> <span class='ocrx_word' id='word_1_215' title='bbox 437 2804 473 2869; x_wconf 87' lang='grc' dir='ltr'>Ε.</span> <span class='ocrx_word' id='word_1_216' title='bbox 506 2803 551 2869; x_wconf 83' lang='lat' dir='ltr'><strong>Et</strong></span> <span class='ocrx_word' id='word_1_217' title='bbox 559 2816 727 2890; x_wconf 85' lang='lat' dir='ltr'><strong>propterea</strong></span> <span class='ocrx_word' id='word_1_218' title='bbox 736 2803 878 2890; x_wconf 82' lang='lat' dir='ltr'><strong>pondera</strong></span> <span class='ocrx_word' id='word_1_219' title='bbox 887 2806 1024 2892; x_wconf 79' lang='lat' dir='ltr'><strong>partium</strong></span> <span class='ocrx_word' id='word_1_220' title='bbox 1035 2805 1168 2870; x_wconf 79' lang='lat' dir='ltr'><strong>duorum</strong></span> <span class='ocrx_word' id='word_1_221' title='bbox 1180 2806 1210 2870; x_wconf 89' lang='lat' dir='ltr'><strong>E</strong></span> <span class='ocrx_word' id='word_1_222' title='bbox 1220 2806 1253 2871; x_wconf 91' lang='lat' dir='ltr'>G</span> <span class='ocrx_word' id='word_1_223' title='bbox 1264 2806 1290 2885; x_wconf 91' lang='lat'><strong>1,</strong></span> <span class='ocrx_word' id='word_1_224' title='bbox 1305 2806 1334 2871; x_wconf 87' lang='grc' dir='ltr'>Ε</span> <span class='ocrx_word' id='word_1_225' title='bbox 1346 2807 1380 2872; x_wconf 91' lang='lat' dir='ltr'>G</span> <span class='ocrx_word' id='word_1_226' title='bbox 1392 2807 1421 2872; x_wconf 89' lang='grc' dir='ltr'>Ε</span> 
     </span>
     <span class='ocr_line' id='line_1_24' title="bbox 130 2896 1420 3001; baseline 0.001 -23"><span class='ocrx_word' id='word_1_227' title='bbox 130 2913 204 2981; x_wconf 85' lang='lat' dir='ltr'><strong>inse</strong></span> <span class='ocrx_word' id='word_1_228' title='bbox 217 2925 333 2979; x_wconf 90' lang='lat' dir='ltr'><strong>mutuo</strong></span> <span class='ocrx_word' id='word_1_229' title='bbox 346 2923 420 2976; x_wconf 84' lang='lat' dir='ltr'><strong>sunt</strong></span> <span class='ocrx_word' id='word_1_230' title='bbox 433 2909 577 2997; x_wconf 84' lang='lat' dir='ltr'><strong>aequalis,</strong></span> <span class='ocrx_word' id='word_1_231' title='bbox 592 2911 638 2975; x_wconf 88' lang='lat' dir='ltr'><strong>uti</strong></span> <span class='ocrx_word' id='word_1_232' title='bbox 653 2910 737 2975; x_wconf 89' lang='lat' dir='ltr'><strong>volui</strong></span> <span class='ocrx_word' id='word_1_233' title='bbox 753 2902 928 2989; x_wconf 71' lang='lat' dir='ltr'><strong>ostendere.</strong></span> <span class='ocrx_word' id='word_1_234' title='bbox 964 2896 1080 2981; x_wconf 66' lang='lat' dir='ltr'><strong>Et’nisi</strong></span> <span class='ocrx_word' id='word_1_235' title='bbox 1091 2911 1232 2998; x_wconf 81' lang='lat' dir='ltr'><strong>pondera</strong></span> <span class='ocrx_word' id='word_1_236' title='bbox 1246 2912 1300 2976; x_wconf 83' lang='lat' dir='ltr'><strong>ille</strong></span> <span class='ocrx_word' id='word_1_237' title='bbox 1313 2933 1420 3001; x_wconf 83' lang='lat' dir='ltr'><strong>aequs·</strong></span> 
     </span>
     <span class='ocr_line' id='line_1_25' title="bbox 130 3015 1420 3104; baseline -0.002 -18"><span class='ocrx_word' id='word_1_238' title='bbox 130 3018 164 3085; x_wconf 89' lang='lat' dir='ltr'><strong>lis</strong></span> <span class='ocrx_word' id='word_1_239' title='bbox 176 3030 295 3097; x_wconf 73' lang='lat' dir='ltr'><strong>essem,</strong></span> <span class='ocrx_word' id='word_1_240' title='bbox 309 3029 395 3083; x_wconf 79' lang='lat' dir='ltr'><strong>terre</strong></span> <span class='ocrx_word' id='word_1_241' title='bbox 408 3028 475 3080; x_wconf 76' lang='lat' dir='ltr'><strong>tota</strong></span> <span class='ocrx_word' id='word_1_242' title='bbox 489 3016 523 3079; x_wconf 91' lang='lat' dir='ltr'><strong>in</strong></span> <span class='ocrx_word' id='word_1_243' title='bbox 544 3015 645 3081; x_wconf 89' lang='lat' dir='ltr'><strong>libero</strong></span> <span class='ocrx_word' id='word_1_244' title='bbox 665 3015 783 3082; x_wconf 85' lang='lat' dir='ltr'><strong>aethere</strong></span> <span class='ocrx_word' id='word_1_245' title='bbox 804 3018 929 3083; x_wconf 76' lang='lat' dir='ltr'><strong>fluitans</strong></span> <span class='ocrx_word' id='word_1_246' title='bbox 950 3017 1085 3104; x_wconf 90' lang='lat' dir='ltr'><strong>ponderi</strong></span> <span class='ocrx_word' id='word_1_247' title='bbox 1105 3018 1215 3103; x_wconf 80' lang='lat' dir='ltr'><strong>majori</strong></span> <span class='ocrx_word' id='word_1_248' title='bbox 1236 3017 1372 3098; x_wconf 84' lang='lat' dir='ltr'><strong>cederet,</strong></span> <span class='ocrx_word' id='word_1_249' title='bbox 1388 3032 1420 3085; x_wconf 92' lang='lat' dir='ltr'><strong>et</strong></span> 
     </span>
     <span class='ocr_line' id='line_1_26' title="bbox 130 3124 726 3216; baseline -0.01 -20"><span class='ocrx_word' id='word_1_250' title='bbox 130 3129 162 3195; x_wconf 71' lang='lat' dir='ltr'><strong>dr</strong></span> <span class='ocrx_word' id='word_1_251' title='bbox 174 3152 216 3196; x_wconf 91' lang='lat' dir='ltr'><strong>eo</strong></span> <span class='ocrx_word' id='word_1_252' title='bbox 226 3126 384 3216; x_wconf 79' lang='lat' dir='ltr'><strong>‘fugiendo</strong></span> <span class='ocrx_word' id='word_1_253' title='bbox 397 3126 498 3192; x_wconf 75' lang='lat' dir='ltr'><strong>abiret</strong></span> <span class='ocrx_word' id='word_1_254' title='bbox 511 3125 546 3189; x_wconf 91' lang='lat' dir='ltr'><strong>in</strong></span> <span class='ocrx_word' id='word_1_255' title='bbox 560 3124 726 3192; x_wconf 86' lang='lat' dir='ltr'><strong>infinitum.</strong></span> 
     </span>
    </p>

    <p class='ocr_par' dir='ltr' id='par_1_7' title="bbox 164 3235 1419 3324">
     <span class='ocr_line' id='line_1_27' title="bbox 164 3235 1419 3324; baseline -0.004 -17"><span class='ocrx_word' id='word_1_256' title='bbox 164 3240 215 3307; x_wconf 86' lang='lat' dir='ltr'><strong>Ut</strong></span> <span class='ocrx_word' id='word_1_257' title='bbox 228 3259 366 3324; x_wconf 83' lang='lat' dir='ltr'><strong>corpore</strong></span> <span class='ocrx_word' id='word_1_258' title='bbox 379 3237 413 3303; x_wconf 90' lang='lat' dir='ltr'><strong>in</strong></span> <span class='ocrx_word' id='word_1_259' title='bbox 427 3257 583 3302; x_wconf 81' lang='lat' dir='ltr'><strong>concursu</strong></span> <span class='ocrx_word' id='word_1_260' title='bbox 604 3247 637 3300; x_wconf 92' lang='lat' dir='ltr'><strong>et</strong></span> <span class='ocrx_word' id='word_1_261' title='bbox 659 3235 830 3302; x_wconf 87' lang='lat' dir='ltr'><strong>reflexione</strong></span> <span class='ocrx_word' id='word_1_262' title='bbox 852 3235 935 3301; x_wconf 86' lang='lat' dir='ltr'><strong>idem</strong></span> <span class='ocrx_word' id='word_1_263' title='bbox 958 3235 1092 3322; x_wconf 78' lang='lat' dir='ltr'><strong>pollent,</strong></span> <span class='ocrx_word' id='word_1_264' title='bbox 1117 3254 1250 3323; x_wconf 87' lang='lat' dir='ltr'><strong>quorum</strong></span> <span class='ocrx_word' id='word_1_265' title='bbox 1273 3235 1419 3302; x_wconf 80' lang='lat' dir='ltr'><strong>velocita-</strong></span> 
     </span>
    </p>
   </div>
   <div class='ocr_carea' id='block_1_7' title="bbox 124 3427 1464 4707">
    <p class='ocr_par' dir='ltr' id='par_1_8' title="bbox 124 3427 1464 4707">
     <span class='ocr_line' id='line_1_28' title="bbox 130 3427 1419 3493; baseline 0 -11"><span class='ocrx_word' id='word_1_266' title='bbox 130 3428 571 3493; x_wconf 58' lang='lat' dir='ltr'><strong>mmm-sesemen</strong></span> <span class='ocrx_word' id='word_1_267' title='bbox 586 3427 758 3490; x_wconf 75' lang='lat' dir='ltr'><strong>inprimepnri</strong></span> <span class='ocrx_word' id='word_1_268' title='bbox 789 3436 1022 3492; x_wconf 77' lang='lat' dir='ltr'><strong>ereturtempore23</strong></span> <span class='ocrx_word' id='word_1_269' title='bbox 1039 3431 1134 3480; x_wconf 70' lang='lat' dir='ltr'><strong>tandem</strong></span> <span class='ocrx_word' id='word_1_270' title='bbox 1149 3440 1179 3479; x_wconf 91' lang='lat' dir='ltr'><strong>ut</strong></span> <span class='ocrx_word' id='word_1_271' title='bbox 1194 3436 1232 3487; x_wconf 81' lang='lat' dir='ltr'><strong>sl,</strong></span> <span class='ocrx_word' id='word_1_272' title='bbox 1250 3430 1330 3490; x_wconf 62' lang='lat' dir='ltr'><strong>odeo,</strong></span> <span class='ocrx_word' id='word_1_273' title='bbox 1347 3431 1419 3483; x_wconf 57' lang='lat' dir='ltr'><strong>ins&amp;</strong></span> 
     </span>
     <span class='ocr_line' id='line_1_29' title="bbox 129 3492 1418 3558; baseline 0.001 -15"><span class='ocrx_word' id='word_1_274' title='bbox 129 3499 151 3546; x_wconf 80' lang='lat' dir='ltr'><strong>t:</strong></span> <span class='ocrx_word' id='word_1_275' title='bbox 171 3501 211 3547; x_wconf 85' lang='lat'><strong>11.</strong></span> <span class='ocrx_word' id='word_1_276' title='bbox 229 3493 307 3543; x_wconf 67' lang='lat'><strong>1³¹⁰.</strong></span> <span class='ocrx_word' id='word_1_277' title='bbox 325 3494 376 3556; x_wconf 76' lang='lat' dir='ltr'><strong>peri</strong></span> <span class='ocrx_word' id='word_1_278' title='bbox 393 3499 421 3542; x_wconf 78' lang='lat' dir='ltr'><strong>t:</strong></span> <span class='ocrx_word' id='word_1_279' title='bbox 442 3499 480 3543; x_wconf 80' lang='lat'><strong>16.</strong></span> <span class='ocrx_word' id='word_1_280' title='bbox 496 3494 522 3540; x_wconf 88' lang='lat' dir='ltr'><strong>in</strong></span> <span class='ocrx_word' id='word_1_281' title='bbox 540 3492 579 3541; x_wconf 70' lang='lat'><strong>3⁰.</strong></span> <span class='ocrx_word' id='word_1_282' title='bbox 596 3493 688 3553; x_wconf 75' lang='lat' dir='ltr'><strong>perite</strong></span> <span class='ocrx_word' id='word_1_283' title='bbox 707 3499 757 3552; x_wconf 73' lang='lat'><strong>³1;</strong></span> <span class='ocrx_word' id='word_1_284' title='bbox 788 3493 900 3548; x_wconf 83' lang='lat' dir='ltr'><strong>tensione.</strong></span> <span class='ocrx_word' id='word_1_285' title='bbox 920 3509 974 3542; x_wconf 90' lang='lat' dir='ltr'><strong>cum</strong></span> <span class='ocrx_word' id='word_1_286' title='bbox 993 3494 1080 3543; x_wconf 84' lang='lat' dir='ltr'><strong>cborde</strong></span> <span class='ocrx_word' id='word_1_287' title='bbox 1095 3494 1253 3543; x_wconf 82' lang='lat' dir='ltr'><strong>restitueretur</strong></span> <span class='ocrx_word' id='word_1_288' title='bbox 1270 3503 1418 3558; x_wconf 65' lang='lat' dir='ltr'><strong>temporetg</strong></span> 
     </span>
     <span class='ocr_line' id='line_1_30' title="bbox 127 3556 1420 3623; baseline -0.001 -13"><span class='ocrx_word' id='word_1_289' title='bbox 127 3558 156 3610; x_wconf 66' lang='grc' dir='ltr'>Ε</span> <span class='ocrx_word' id='word_1_290' title='bbox 170 3568 255 3609; x_wconf 72' lang='lat' dir='ltr'><strong>notun</strong></span> <span class='ocrx_word' id='word_1_291' title='bbox 271 3558 378 3607; x_wconf 65' lang='lat' dir='ltr'><strong>&amp;tenus</strong></span> <span class='ocrx_word' id='word_1_292' title='bbox 395 3566 451 3605; x_wconf 75' lang='lat' dir='ltr'><strong>arnt</strong></span> <span class='ocrx_word' id='word_1_293' title='bbox 466 3556 516 3606; x_wconf 70' lang='lat' dir='ltr'><strong>ferd</strong></span> <span class='ocrx_word' id='word_1_294' title='bbox 533 3556 684 3614; x_wconf 70' lang='lat' dir='ltr'><strong>armeniis,</strong></span> <span class='ocrx_word' id='word_1_295' title='bbox 696 3562 719 3614; x_wconf 80' lang='lat'><strong>2,</strong></span> <span class='ocrx_word' id='word_1_296' title='bbox 734 3562 753 3604; x_wconf 88' lang='grc'><strong>1.</strong></span> <span class='ocrx_word' id='word_1_297' title='bbox 788 3557 853 3606; x_wconf 68' lang='lat' dir='ltr'><strong>unde</strong></span> <span class='ocrx_word' id='word_1_298' title='bbox 863 3557 982 3606; x_wconf 82' lang='lat' dir='ltr'><strong>concludit</strong></span> <span class='ocrx_word' id='word_1_299' title='bbox 991 3558 1096 3607; x_wconf 79' lang='lat' dir='ltr'><strong>defectus</strong></span> <span class='ocrx_word' id='word_1_300' title='bbox 1105 3559 1212 3623; x_wconf 60' lang='lat' dir='ltr'><strong>slumrlos</strong></span> <span class='ocrx_word' id='word_1_301' title='bbox 1225 3559 1352 3609; x_wconf 67' lang='lat' dir='ltr'><strong>velocius</strong></span> <span class='ocrx_word' id='word_1_302' title='bbox 1366 3571 1420 3620; x_wconf 84' lang='lat' dir='ltr'><strong>poet</strong></span> 
     </span>
     <span class='ocr_line' id='line_1_31' title="bbox 216 3620 1418 3685; baseline 0.002 -15"><span class='ocrx_word' id='word_1_303' title='bbox 216 3624 225 3637; x_wconf 92' lang='grc'><em>·</em></span> <span class='ocrx_word' id='word_1_304' title='bbox 359 3621 435 3670; x_wconf 68' lang='lat' dir='ltr'><strong>Altino</strong></span> <span class='ocrx_word' id='word_1_305' title='bbox 452 3620 638 3682; x_wconf 67' lang='lat' dir='ltr'><strong>experturum</strong></span> <span class='ocrx_word' id='word_1_306' title='bbox 659 3621 758 3668; x_wconf 74' lang='lat' dir='ltr'><strong>tenurit</strong></span> <span class='ocrx_word' id='word_1_307' title='bbox 789 3621 869 3676; x_wconf 82' lang='lat' dir='ltr'><strong>ictum,</strong></span> <span class='ocrx_word' id='word_1_308' title='bbox 882 3622 1024 3684; x_wconf 70' lang='lat' dir='ltr'><strong>temporibus</strong></span> <span class='ocrx_word' id='word_1_309' title='bbox 1034 3623 1207 3670; x_wconf 66' lang='lat' dir='ltr'><strong>mineorum</strong></span> <span class='ocrx_word' id='word_1_310' title='bbox 1224 3638 1274 3670; x_wconf 76' lang='lat' dir='ltr'><strong>esse</strong></span> <span class='ocrx_word' id='word_1_311' title='bbox 1289 3625 1418 3685; x_wconf 81' lang='lat' dir='ltr'><strong>proportio.</strong></span> 
     </span>
     <span class='ocr_line' id='line_1_32' title="bbox 280 3684 1418 3750; baseline 0 -14"><span class='ocrx_word' id='word_1_312' title='bbox 280 3685 530 3748; x_wconf 63' lang='lat' dir='ltr'><strong>ammaim</strong></span> <span class='ocrx_word' id='word_1_313' title='bbox 544 3684 604 3732; x_wconf 88' lang='lat' dir='ltr'><strong>duos</strong></span> <span class='ocrx_word' id='word_1_314' title='bbox 619 3684 690 3746; x_wconf 83' lang='lat' dir='ltr'><strong>pedes</strong></span> <span class='ocrx_word' id='word_1_315' title='bbox 704 3684 757 3731; x_wconf 87' lang='lat' dir='ltr'><strong>lon·</strong></span> <span class='ocrx_word' id='word_1_316' title='bbox 788 3684 861 3732; x_wconf 81' lang='lat' dir='ltr'><strong>mles.</strong></span> <span class='ocrx_word' id='word_1_317' title='bbox 880 3685 995 3734; x_wconf 80' lang='lat' dir='ltr'><strong>Menente</strong></span> <span class='ocrx_word' id='word_1_318' title='bbox 1005 3686 1078 3750; x_wconf 72' lang='lat' dir='ltr'><strong>igitur</strong></span> <span class='ocrx_word' id='word_1_319' title='bbox 1088 3688 1418 3750; x_wconf 76' lang='lat' dir='ltr'><strong>corponrmboniogeneorum</strong></span> 
     </span>
     <span class='ocr_line' id='line_1_33' title="bbox 184 3748 1419 3827; baseline 0 -27"><span class='ocrx_word' id='word_1_320' title='bbox 184 3749 364 3800; x_wconf 61' lang='lat' dir='ltr'><strong>matites</strong></span> <span class='ocrx_word' id='word_1_321' title='bbox 373 3749 472 3811; x_wconf 72' lang='lat' dir='ltr'><strong>posim</strong></span> <span class='ocrx_word' id='word_1_322' title='bbox 480 3748 632 3798; x_wconf 76' lang='lat' dir='ltr'><strong>reriisntodis</strong></span> <span class='ocrx_word' id='word_1_323' title='bbox 640 3749 757 3806; x_wconf 80' lang='lat' dir='ltr'><strong>tendebet,</strong></span> <span class='ocrx_word' id='word_1_324' title='bbox 789 3748 952 3812; x_wconf 74' lang='lat' dir='ltr'><strong>magnitudine</strong></span> <span class='ocrx_word' id='word_1_325' title='bbox 962 3759 986 3799; x_wconf 87' lang='lat' dir='ltr'><strong>ct</strong></span> <span class='ocrx_word' id='word_1_326' title='bbox 996 3749 1078 3827; x_wconf 66' lang='lat' dir='ltr'><strong>figuti,</strong></span> <span class='ocrx_word' id='word_1_327' title='bbox 1095 3761 1203 3799; x_wconf 74' lang='lat' dir='ltr'><strong>sonemus</strong></span> <span class='ocrx_word' id='word_1_328' title='bbox 1217 3753 1350 3799; x_wconf 70' lang='lat' dir='ltr'><strong>obserrew</strong></span> <span class='ocrx_word' id='word_1_329' title='bbox 1358 3753 1419 3800; x_wconf 82' lang='lat' dir='ltr'><strong>retio</strong></span> 
     </span>
     <span class='ocr_line' id='line_1_34' title="bbox 126 3766 1418 3894; baseline -0.004 -29"><span class='ocrx_word' id='word_1_330' title='bbox 126 3766 197 3865; x_wconf 55' lang='lat' dir='ltr'><strong>ff:</strong></span> <span class='ocrx_word' id='word_1_331' title='bbox 212 3813 312 3864; x_wconf 74' lang='lat' dir='ltr'><strong>moun</strong></span> <span class='ocrx_word' id='word_1_332' title='bbox 329 3812 440 3876; x_wconf 79' lang='lat' dir='ltr'><strong>repererit</strong></span> <span class='ocrx_word' id='word_1_333' title='bbox 456 3822 504 3861; x_wconf 86' lang='lat' dir='ltr'><strong>tres</strong></span> <span class='ocrx_word' id='word_1_334' title='bbox 522 3811 615 3861; x_wconf 62' lang='lat' dir='ltr'><strong>mord·</strong></span> <span class='ocrx_word' id='word_1_335' title='bbox 631 3812 756 3870; x_wconf 70' lang='lat' dir='ltr'><strong>tensiones,</strong></span> <span class='ocrx_word' id='word_1_336' title='bbox 788 3812 915 3888; x_wconf 66' lang='lat' dir='ltr'><strong>vebcitetis</strong></span> <span class='ocrx_word' id='word_1_337' title='bbox 925 3824 1057 3890; x_wconf 52' lang='grc' dir='ltr'><strong>τερείνῃ</strong></span> <span class='ocrx_word' id='word_1_338' title='bbox 1071 3826 1124 3876; x_wconf 86' lang='lat' dir='ltr'><strong>post</strong></span> <span class='ocrx_word' id='word_1_339' title='bbox 1138 3815 1211 3863; x_wconf 88' lang='lat' dir='ltr'><strong>ictum</strong></span> <span class='ocrx_word' id='word_1_340' title='bbox 1228 3814 1418 3894; x_wconf 66' lang='lat' dir='ltr'><strong>edveloeitetem</strong></span> 
     </span>
     <span class='ocr_line' id='line_1_35' title="bbox 126 3875 1418 4001; baseline 0 -11"><span class='ocrx_word' id='word_1_341' title='bbox 126 3879 331 3999; x_wconf 58' lang='lat' dir='ltr'><strong>:m</strong></span> <span class='ocrx_word' id='word_1_342' title='bbox 326 3887 474 3990; x_wconf 59' lang='lat' dir='ltr'><strong>“serr</strong></span> <span class='ocrx_word' id='word_1_343' title='bbox 485 3875 759 3990; x_wconf 40' lang='lat' dir='ltr'><strong>urimur?</strong></span> <span class='ocrx_word' id='word_1_344' title='bbox 787 3879 1418 4001; x_wconf 32' lang='lat' dir='ltr'><strong>mmmmm&amp;</strong></span> 
     </span>
     <span class='ocr_line' id='line_1_36' title="bbox 125 4005 1418 4080; baseline -0.004 -22"><span class='ocrx_word' id='word_1_345' title='bbox 125 4008 240 4058; x_wconf 60' lang='lat' dir='ltr'><strong>enimes</strong></span> <span class='ocrx_word' id='word_1_346' title='bbox 248 4022 277 4055; x_wconf 80' lang='lat' dir='ltr'><strong>se</strong></span> <span class='ocrx_word' id='word_1_347' title='bbox 286 4015 420 4055; x_wconf 69' lang='lat' dir='ltr'><strong>uoenmm</strong></span> <span class='ocrx_word' id='word_1_348' title='bbox 431 4021 481 4054; x_wconf 79' lang='lat' dir='ltr'><strong>esre</strong></span> <span class='ocrx_word' id='word_1_349' title='bbox 496 4021 525 4055; x_wconf 86' lang='lat' dir='ltr'><strong>ex</strong></span> <span class='ocrx_word' id='word_1_350' title='bbox 542 4005 641 4068; x_wconf 65' lang='lat' dir='ltr'><strong>graviori</strong></span> <span class='ocrx_word' id='word_1_351' title='bbox 651 4005 689 4052; x_wconf 81' lang='lat' dir='ltr'><strong>rel</strong></span> <span class='ocrx_word' id='word_1_352' title='bbox 699 4020 755 4052; x_wconf 82' lang='lat' dir='ltr'><strong>scu-</strong></span> <span class='ocrx_word' id='word_1_353' title='bbox 787 4005 863 4053; x_wconf 77' lang='lat' dir='ltr'><strong>citetis</strong></span> <span class='ocrx_word' id='word_1_354' title='bbox 876 4005 1008 4080; x_wconf 76' lang='lat' dir='ltr'><strong>respeeu&#39;vae</strong></span> <span class='ocrx_word' id='word_1_355' title='bbox 1018 4016 1071 4066; x_wconf 85' lang='lat' dir='ltr'><strong>post</strong></span> <span class='ocrx_word' id='word_1_356' title='bbox 1081 4006 1153 4053; x_wconf 84' lang='lat' dir='ltr'><strong>ictum</strong></span> <span class='ocrx_word' id='word_1_357' title='bbox 1169 4007 1195 4052; x_wconf 85' lang='lat' dir='ltr'><strong>iu</strong></span> <span class='ocrx_word' id='word_1_358' title='bbox 1214 4005 1290 4069; x_wconf 78' lang='lat' dir='ltr'><strong>globis</strong></span> <span class='ocrx_word' id='word_1_359' title='bbox 1306 4007 1418 4070; x_wconf 73' lang='lat' dir='ltr'><strong>homoge-</strong></span> 
     </span>
     <span class='ocr_line' id='line_1_37' title="bbox 126 4068 1418 4134; baseline -0.003 -12"><span class='ocrx_word' id='word_1_360' title='bbox 126 4071 173 4122; x_wconf 74' lang='lat' dir='ltr'><strong>tut</strong></span> <span class='ocrx_word' id='word_1_361' title='bbox 188 4070 334 4121; x_wconf 52' lang='lat' dir='ltr'><strong>&amp;eduum</strong></span> <span class='ocrx_word' id='word_1_362' title='bbox 353 4084 412 4118; x_wconf 76' lang='lat' dir='ltr'><strong>emto</strong></span> <span class='ocrx_word' id='word_1_363' title='bbox 428 4070 590 4134; x_wconf 75' lang='lat' dir='ltr'><strong>iutelligebet3</strong></span> <span class='ocrx_word' id='word_1_364' title='bbox 615 4069 641 4116; x_wconf 84' lang='lat' dir='ltr'><strong>in</strong></span> <span class='ocrx_word' id='word_1_365' title='bbox 658 4068 758 4132; x_wconf 68' lang='lat' dir='ltr'><strong>siugulis</strong></span> <span class='ocrx_word' id='word_1_366' title='bbox 789 4069 898 4116; x_wconf 84' lang='lat' dir='ltr'><strong>neisesse</strong></span> <span class='ocrx_word' id='word_1_367' title='bbox 909 4084 933 4116; x_wconf 84' lang='lat' dir='ltr'><strong>ro</strong></span> <span class='ocrx_word' id='word_1_368' title='bbox 945 4068 1034 4117; x_wconf 79' lang='lat' dir='ltr'><strong>retione</strong></span> <span class='ocrx_word' id='word_1_369' title='bbox 1052 4068 1225 4127; x_wconf 81' lang='lat' dir='ltr'><strong>dicmctromm,</strong></span> <span class='ocrx_word' id='word_1_370' title='bbox 1245 4078 1286 4117; x_wconf 81' lang='lat' dir='ltr'><strong>eut</strong></span> <span class='ocrx_word' id='word_1_371' title='bbox 1304 4069 1374 4117; x_wconf 75' lang='lat' dir='ltr'><strong>ctlem</strong></span> <span class='ocrx_word' id='word_1_372' title='bbox 1392 4071 1418 4118; x_wconf 88' lang='lat' dir='ltr'><strong>iu</strong></span> 
     </span>
     <span class='ocr_line' id='line_1_38' title="bbox 126 4132 1464 4211; baseline -0.002 -26"><span class='ocrx_word' id='word_1_373' title='bbox 126 4132 758 4198; x_wconf 64' lang='lat' dir='ltr'><strong>ffimffiusgldmmebmneurncujusdismetereret</strong></span> <span class='ocrx_word' id='word_1_374' title='bbox 789 4132 879 4180; x_wconf 75' lang='lat' dir='ltr'><strong>ratione</strong></span> <span class='ocrx_word' id='word_1_375' title='bbox 889 4141 1022 4194; x_wconf 82' lang='lat' dir='ltr'><strong>temporum</strong></span> <span class='ocrx_word' id='word_1_376' title='bbox 1033 4132 1119 4196; x_wconf 84' lang='lat' dir='ltr'><strong>quibus</strong></span> <span class='ocrx_word' id='word_1_377' title='bbox 1133 4133 1197 4197; x_wconf 77' lang='lat' dir='ltr'><strong>globi</strong></span> <span class='ocrx_word' id='word_1_378' title='bbox 1213 4133 1337 4194; x_wconf 77' lang='lat' dir='ltr'><strong>compressi</strong></span> <span class='ocrx_word' id='word_1_379' title='bbox 1352 4136 1419 4182; x_wconf 72' lang='lat' dir='ltr'><strong>mri-</strong></span> <span class='ocrx_word' id='word_1_380' title='bbox 1457 4188 1464 4211; x_wconf 39' lang='grc' dir='ltr'><strong><em>ι</em></strong></span> 
     </span>
     <span class='ocr_line' id='line_1_39' title="bbox 126 4195 896 4261; baseline -0.005 -13"><span class='ocrx_word' id='word_1_381' title='bbox 126 4195 758 4261; x_wconf 68' lang='lat' dir='ltr'><strong>bumendunnnfllodeoempedeslougosppen-</strong></span> <span class='ocrx_word' id='word_1_382' title='bbox 789 4204 896 4245; x_wconf 69' lang='lat' dir='ltr'><strong>munbur-</strong></span> 
     </span>
     <span class='ocr_line' id='line_1_40' title="bbox 125 4258 1419 4324; baseline -0.005 -9"><span class='ocrx_word' id='word_1_383' title='bbox 125 4260 758 4323; x_wconf 72' lang='lat' dir='ltr'><strong>uetiomediotentispereomptenetuminebor.</strong></span> <span class='ocrx_word' id='word_1_384' title='bbox 823 4260 858 4323; x_wconf 84' lang='lat'><strong>(¹)</strong></span> <span class='ocrx_word' id='word_1_385' title='bbox 876 4265 914 4310; x_wconf 79' lang='lat'><strong>99.</strong></span> <span class='ocrx_word' id='word_1_386' title='bbox 935 4258 1257 4321; x_wconf 72' lang='lat' dir='ltr'><strong>Simcgoesmberistrusto,</strong></span> <span class='ocrx_word' id='word_1_387' title='bbox 1269 4258 1419 4324; x_wconf 74' lang='lat' dir='ltr'><strong>dnu‘literquc</strong></span> 
     </span>
     <span class='ocr_line' id='line_1_41' title="bbox 125 4323 1417 4386; baseline -0.003 -9"><span class='ocrx_word' id='word_1_388' title='bbox 125 4325 553 4384; x_wconf 54' lang='lat' dir='ltr'><strong>tammam-utetur</strong></span> <span class='ocrx_word' id='word_1_389' title='bbox 567 4323 702 4381; x_wconf 52' lang='lat' dir='ltr'><strong>resistemffi</strong></span> <span class='ocrx_word' id='word_1_390' title='bbox 718 4338 758 4370; x_wconf 82' lang='lat' dir='ltr'><strong>ve·</strong></span> <span class='ocrx_word' id='word_1_391' title='bbox 790 4324 877 4371; x_wconf 82' lang='lat' dir='ltr'><strong>serrum</strong></span> <span class='ocrx_word' id='word_1_392' title='bbox 889 4323 936 4371; x_wconf 79' lang='lat' dir='ltr'><strong>elio</strong></span> <span class='ocrx_word' id='word_1_393' title='bbox 951 4324 1039 4371; x_wconf 84' lang='lat' dir='ltr'><strong>suberis</strong></span> <span class='ocrx_word' id='word_1_394' title='bbox 1058 4324 1133 4372; x_wconf 81' lang='lat' dir='ltr'><strong>frusto</strong></span> <span class='ocrx_word' id='word_1_395' title='bbox 1150 4324 1307 4386; x_wconf 71' lang='lat' dir='ltr'><strong>imponentur,</strong></span> <span class='ocrx_word' id='word_1_396' title='bbox 1327 4336 1417 4373; x_wconf 76' lang='lat' dir='ltr'><strong>uttam</strong></span> 
     </span>
     <span class='ocr_line' id='line_1_42' title="bbox 124 4387 1417 4453; baseline -0.003 -12"><span class='ocrx_word' id='word_1_397' title='bbox 124 4389 240 4441; x_wconf 68' lang='lat' dir='ltr'><strong>ledum</strong></span> <span class='ocrx_word' id='word_1_398' title='bbox 250 4391 403 4453; x_wconf 57' lang='lat' dir='ltr'><strong>mem</strong></span> <span class='ocrx_word' id='word_1_399' title='bbox 414 4389 469 4439; x_wconf 67' lang='lat' dir='ltr'><strong>ente</strong></span> <span class='ocrx_word' id='word_1_400' title='bbox 479 4400 562 4452; x_wconf 80' lang='lat' dir='ltr'><strong>etpost</strong></span> <span class='ocrx_word' id='word_1_401' title='bbox 573 4390 646 4436; x_wconf 86' lang='lat' dir='ltr'><strong>ictum</strong></span> <span class='ocrx_word' id='word_1_402' title='bbox 654 4389 755 4437; x_wconf 79' lang='lat' dir='ltr'><strong>notebst.</strong></span> <span class='ocrx_word' id='word_1_403' title='bbox 790 4401 886 4450; x_wconf 75' lang='lat' dir='ltr'><strong>magnes</strong></span> <span class='ocrx_word' id='word_1_404' title='bbox 901 4402 971 4450; x_wconf 79' lang='lat' dir='ltr'><strong>quem</strong></span> <span class='ocrx_word' id='word_1_405' title='bbox 987 4388 1076 4435; x_wconf 77' lang='lat' dir='ltr'><strong>sermm</strong></span> <span class='ocrx_word' id='word_1_406' title='bbox 1095 4388 1120 4433; x_wconf 82' lang='lat' dir='ltr'><strong>in</strong></span> <span class='ocrx_word' id='word_1_407' title='bbox 1136 4387 1196 4449; x_wconf 73' lang='lat' dir='ltr'><strong>equi</strong></span> <span class='ocrx_word' id='word_1_408' title='bbox 1213 4387 1285 4436; x_wconf 74' lang='lat' dir='ltr'><strong>libere</strong></span> <span class='ocrx_word' id='word_1_409' title='bbox 1303 4398 1417 4452; x_wconf 77' lang='lat' dir='ltr'><strong>stegncnt.</strong></span> 
     </span>
     <span class='ocr_line' id='line_1_43' title="bbox 127 4450 1417 4530; baseline -0.004 -25"><span class='ocrx_word' id='word_1_410' title='bbox 127 4455 264 4505; x_wconf 66' lang='lat' dir='ltr'><strong>obnuit</strong></span> <span class='ocrx_word' id='word_1_411' title='bbox 274 4466 354 4503; x_wconf 73' lang='lat' dir='ltr'><strong>nutent</strong></span> <span class='ocrx_word' id='word_1_412' title='bbox 365 4455 509 4503; x_wconf 67' lang='lat' dir='ltr'><strong>velocitatem</strong></span> <span class='ocrx_word' id='word_1_413' title='bbox 521 4452 575 4502; x_wconf 69' lang='lat' dir='ltr'><strong>ente</strong></span> <span class='ocrx_word' id='word_1_414' title='bbox 584 4455 658 4501; x_wconf 86' lang='lat' dir='ltr'><strong>ictum</strong></span> <span class='ocrx_word' id='word_1_415' title='bbox 669 4468 718 4500; x_wconf 85' lang='lat' dir='ltr'><strong>esse</strong></span> <span class='ocrx_word' id='word_1_416' title='bbox 728 4450 759 4498; x_wconf 82' lang='lat' dir='ltr'><strong>ed</strong></span> <span class='ocrx_word' id='word_1_417' title='bbox 789 4451 874 4530; x_wconf 57' lang='lat' dir='ltr'><strong>aquali</strong></span> <span class='ocrx_word' id='word_1_418' title='bbox 885 4451 963 4498; x_wconf 74' lang='lat' dir='ltr'><strong>motus</strong></span> <span class='ocrx_word' id='word_1_419' title='bbox 973 4451 1100 4513; x_wconf 75' lang='lat' dir='ltr'><strong>quontitate</strong></span> <span class='ocrx_word' id='word_1_420' title='bbox 1108 4451 1151 4499; x_wconf 83' lang='lat' dir='ltr'><strong>sibi</strong></span> <span class='ocrx_word' id='word_1_421' title='bbox 1162 4461 1246 4499; x_wconf 90' lang='lat' dir='ltr'><strong>mutuo</strong></span> <span class='ocrx_word' id='word_1_422' title='bbox 1254 4452 1344 4500; x_wconf 77' lang='lat' dir='ltr'><strong>obviem</strong></span> <span class='ocrx_word' id='word_1_423' title='bbox 1352 4462 1417 4507; x_wconf 80' lang='lat' dir='ltr'><strong>eunt,</strong></span> 
     </span>
     <span class='ocr_line' id='line_1_44' title="bbox 126 4513 1418 4581; baseline -0.005 -11"><span class='ocrx_word' id='word_1_424' title='bbox 126 4520 271 4570; x_wconf 70' lang='grc' dir='ltr'><strong>νὼάωω</strong></span> <span class='ocrx_word' id='word_1_425' title='bbox 282 4528 336 4581; x_wconf 74' lang='lat' dir='ltr'><strong>put</strong></span> <span class='ocrx_word' id='word_1_426' title='bbox 345 4520 427 4575; x_wconf 87' lang='lat' dir='ltr'><strong>ictum,</strong></span> <span class='ocrx_word' id='word_1_427' title='bbox 438 4529 466 4566; x_wconf 89' lang='lat' dir='ltr'><strong>ut</strong></span> <span class='ocrx_word' id='word_1_428' title='bbox 479 4525 514 4571; x_wconf 89' lang='lat' dir='ltr'><strong>ll,</strong></span> <span class='ocrx_word' id='word_1_429' title='bbox 526 4518 556 4566; x_wconf 85' lang='lat' dir='ltr'><strong>sd</strong></span> <span class='ocrx_word' id='word_1_430' title='bbox 570 4523 607 4574; x_wconf 84' lang='lat'><strong>10,</strong></span> <span class='ocrx_word' id='word_1_431' title='bbox 624 4517 650 4563; x_wconf 90' lang='lat' dir='ltr'><strong>iu</strong></span> <span class='ocrx_word' id='word_1_432' title='bbox 663 4515 694 4563; x_wconf 61' lang='lat' dir='ltr'><strong>lb</strong></span> <span class='ocrx_word' id='word_1_433' title='bbox 708 4525 760 4563; x_wconf 85' lang='lat' dir='ltr'><strong>ten·</strong></span> <span class='ocrx_word' id='word_1_434' title='bbox 791 4515 825 4562; x_wconf 78' lang='lat' dir='ltr'><strong>ite</strong></span> <span class='ocrx_word' id='word_1_435' title='bbox 834 4525 952 4562; x_wconf 86' lang='lat' dir='ltr'><strong>uteorum</strong></span> <span class='ocrx_word' id='word_1_436' title='bbox 965 4514 1092 4562; x_wconf 71' lang='lat' dir='ltr'><strong>celeritates</strong></span> <span class='ocrx_word' id='word_1_437' title='bbox 1102 4513 1184 4562; x_wconf 84' lang='lat' dir='ltr'><strong>sintin</strong></span> <span class='ocrx_word' id='word_1_438' title='bbox 1192 4516 1281 4564; x_wconf 72' lang='lat' dir='ltr'><strong>ratione</strong></span> <span class='ocrx_word' id='word_1_439' title='bbox 1289 4516 1418 4576; x_wconf 86' lang='lat' dir='ltr'><strong>ponderum</strong></span> 
     </span>
     <span class='ocr_line' id='line_1_45' title="bbox 126 4574 1418 4645; baseline -0.005 -11"><span class='ocrx_word' id='word_1_440' title='bbox 126 4584 196 4645; x_wconf 59' lang='lat' dir='ltr'><strong>nm,</strong></span> <span class='ocrx_word' id='word_1_441' title='bbox 205 4599 267 4634; x_wconf 81' lang='lat' dir='ltr'><strong>eum</strong></span> <span class='ocrx_word' id='word_1_442' title='bbox 277 4581 367 4632; x_wconf 75' lang='lat' dir='ltr'><strong>deusde</strong></span> <span class='ocrx_word' id='word_1_443' title='bbox 375 4583 444 4644; x_wconf 75' lang='lat' dir='ltr'><strong>puln</strong></span> <span class='ocrx_word' id='word_1_444' title='bbox 450 4583 609 4630; x_wconf 66' lang='lat' dir='ltr'><strong>restimermr</strong></span> <span class='ocrx_word' id='word_1_445' title='bbox 617 4585 744 4641; x_wconf 73' lang='lat' dir='ltr'><strong>tempores</strong></span> <span class='ocrx_word' id='word_1_446' title='bbox 750 4597 758 4638; x_wconf 67' lang='grc' dir='ltr'><strong>ς</strong></span> <span class='ocrx_word' id='word_1_447' title='bbox 791 4577 921 4640; x_wconf 69' lang='lat' dir='ltr'><strong>reciproci3</strong></span> <span class='ocrx_word' id='word_1_448' title='bbox 939 4578 997 4626; x_wconf 88' lang='lat' dir='ltr'><strong>dum</strong></span> <span class='ocrx_word' id='word_1_449' title='bbox 1008 4574 1063 4625; x_wconf 79' lang='lat' dir='ltr'><strong>verb</strong></span> <span class='ocrx_word' id='word_1_450' title='bbox 1073 4578 1104 4626; x_wconf 78' lang='lat' dir='ltr'><strong>sd</strong></span> <span class='ocrx_word' id='word_1_451' title='bbox 1114 4589 1246 4628; x_wconf 75' lang='lat' dir='ltr'><strong>contectum</strong></span> <span class='ocrx_word' id='word_1_452' title='bbox 1257 4590 1418 4641; x_wconf 78' lang='lat' dir='ltr'><strong>pervenerunt,</strong></span> 
     </span>
     <span class='ocr_line' id='line_1_46' title="bbox 125 4641 1418 4707; baseline -0.005 -9"><span class='ocrx_word' id='word_1_453' title='bbox 125 4658 149 4698; x_wconf 83' lang='lat' dir='ltr'><strong>nt</strong></span> <span class='ocrx_word' id='word_1_454' title='bbox 161 4654 190 4700; x_wconf 77' lang='lat'><strong>16</strong></span> <span class='ocrx_word' id='word_1_455' title='bbox 202 4647 362 4699; x_wconf 72' lang='lat' dir='ltr'><strong>suismet</strong></span> <span class='ocrx_word' id='word_1_456' title='bbox 375 4646 488 4705; x_wconf 64' lang='lat' dir='ltr'><strong>unione,</strong></span> <span class='ocrx_word' id='word_1_457' title='bbox 505 4643 759 4695; x_wconf 78' lang='lat' dir='ltr'><strong>cumclrordsreetitu-</strong></span> <span class='ocrx_word' id='word_1_458' title='bbox 791 4643 816 4690; x_wconf 89' lang='lat' dir='ltr'><strong>iu</strong></span> <span class='ocrx_word' id='word_1_459' title='bbox 828 4641 1103 4707; x_wconf 72' lang='lat' dir='ltr'><strong>equilibrioconsistunt.</strong></span> <span class='ocrx_word' id='word_1_460' title='bbox 1135 4643 1418 4706; x_wconf 72' lang='lat' dir='ltr'><strong>Quuiboccrperimeu·</strong></span> 
     </span>
    </p>
   </div>
   <div class='ocr_carea' id='block_1_8' title="bbox 0 0 1554 5534">
    <p class='ocr_par' dir='ltr' id='par_1_9' title="bbox 0 0 1554 5534">
     <span class='ocr_line' id='line_1_47' title="bbox 0 0 1554 5534; baseline 0 0"><span class='ocrx_word' id='word_1_461' title='bbox 0 0 1554 5534; x_wconf 95' lang='lat' dir='ltr'><strong> </strong></span> 
     </span>
    </p>
   </div>
  </div>
 </body>
</html>
