3098 5534
570 680 1009 772 MoNlrUM.
1134 708 1139 719 ·

141 915 294 988 Aurana
315 919 443 986 tandem
464 921 695 1007 Principiorum
713 921 1011 988 Mathematioorum
1036 921 1114 986 Pars
1135 920 1169 984 in
1190 921 1294 985 lucem
1313 919 1434 1006 prodit.

142 1030 195 1096 Dc
218 1029 363 1093 Motibus
387 1028 566 1112 Corporum
587 1029 621 1092 in
643 1026 754 1094 Medio
778 1029 954 1093 Resistentc
975 1026 1079 1114 agitur
1099 1027 1296 1111 potissimum
1318 1028 1352 1091 in
1372 1027 1436 1090 hoc

143 1134 441 1200 secundoNewtoni
451 1133 561 1198 Libro.
586 1133 865 1199 Remdifficultatis
874 1132 999 1218 plenam
1012 1145 1261 1209 noruntomnes3
1277 1132 1321 1195 ita
1331 1145 1438 1197 tamen

143 1253 251 1304 nostra
276 1239 452 1303 studuimus
474 1238 712 1304 accommodare
728 1239 961 1304 Commentaria
981 1250 1017 1302 ut
1037 1238 1075 1303 iis
1097 1239 1151 1325 qui
1171 1241 1205 1303 in
1226 1238 1321 1324 primi
1346 1238 1438 1303 Libri

143 1347 279 1412 lectione
302 1346 339 1412 ei
364 1347 426 1433 qui
452 1369 510 1431 par
533 1359 581 1413 est
603 1346 764 1436 diligentiis
790 1360 823 1413 et
847 1349 1018 1413 attentione
1043 1347 1159 1412 fuerint
1182 1348 1305 1426 versati,
1335 1347 1438 1412 facilia

143 1455 300 1540 planaque
324 1454 430 1518 omnia
454 1454 561 1519 futura
589 1476 657 1520 esse
680 1476 851 1540 speremus.
896 1455 966 1519 Nec
988 1453 1061 1519 auus
1084 1454 1174 1518 nobis
1199 1454 1259 1519 fuit
1286 1455 1439 1540 praeclara

144 1562 262 1626 clariss.
278 1562 396 1626 autoris
411 1562 536 1627 inventa
550 1561 717 1647 explicare,
740 1561 872 1647 nosipsi
887 1583 1084 1648 quoqueusu
1099 1560 1264 1624 didicimus
1285 1560 1439 1625 nonnulla

145 1667 305 1732 interdum
327 1668 467 1733 invenire
482 1690 554 1754 quoe
567 1667 632 1732 hdo
645 1679 678 1734 et
690 1668 765 1733 illtlc
778 1669 813 1732 in
826 1669 942 1733 nostris
958 1668 1199 1766 Commentariis
1213 1668 1350 1732 inserere
1371 1667 1440 1732 ausi

146 1801 269 1844 sumus.
315 1778 379 1844 Sed
400 1778 486 1864 quod
505 1779 739 1855 maximumest
752 1778 883 1865 hujusce
906 1777 1021 1863 Operis
1040 1777 1135 1841 decus
1157 1789 1189 1841 et
1209 1789 1438 1854 ornamentum,

147 1908 230 1949 nova
244 1885 479 1971 quamplurima
493 1884 664 1950 doctissimi
680 1885 788 1950 Euleri
805 1884 1014 1963 Problemata,
1030 1905 1101 1970 quoe
1115 1884 1149 1947 in
1163 1882 1290 1969 egregio
1305 1882 1440 1947 Mecha-

144 1995 230 2059 uices
246 2016 342 2079 opere
356 1993 515 2081 leguntur,
531 1994 717 2059 addidimus.
755 1994 889 2059 Nostros
901 1994 994 2075 etiam
1004 1992 1129 2059 abunde
1138 1993 1331 2078 locupletant
1343 1991 1441 2056 Com·

146 2103 316 2167 mentarios
325 2104 463 2187 pretiosa
472 2118 676 2169 monumenta
686 2104 799 2189 quibus
809 2104 891 2168 Acta
903 2103 1108 2170 Eruditorum
1118 2102 1295 2189 Lipsiensis
1305 2123 1440 2167 exorna-

145 2222 220 2274 runt
234 2209 350 2273 clariss.
366 2210 425 2274 viri
439 2211 578 2275 Joannes
592 2224 625 2277 et
638 2211 755 2276 Daniel
771 2211 980 2276 Bemoullius.
1026 2211 1157 2278 Silentia
1167 2210 1295 2276 tandem
1308 2222 1441 2295 praeter·

145 2318 319 2384 mittendus
334 2342 399 2384 non
414 2333 462 2385 est
475 2321 700 2386 illustrissimus
714 2320 973 2408 doctissimusque
988 2321 1137 2399 Poleuus,
1154 2321 1242 2406 cujus
1258 2319 1385 2407 elegans
1399 2318 1441 2382 de

145 2425 390 2513 Iogarithmioae
401 2427 642 2493 constructione
658 2427 810 2512 Epistola,
820 2428 1033 2514 nonnullaque
1047 2428 1089 2493 de
1101 2427 1198 2492 Motu
1208 2427 1374 2528 Aquarum
1385 2446 1441 2489 ex·

145 2537 322 2621 periments
336 2536 427 2601 nobis
441 2536 612 2623 plurimtlm
626 2537 793 2625 profuere-¹
829 2539 893 2605 Sed
908 2537 1004 2627 longe
1017 2540 1136 2624 majora
1150 2550 1223 2602 sunt
1233 2533 1327 2623 qudm
1339 2534 1443 2599 verbis

145 2644 283 2730 exprimi
296 2644 427 2729 possint,
444 2644 484 2709 de
498 2644 560 2709 hoc
574 2647 721 2712 universo
734 2669 830 2733 opere
844 2648 961 2713 clariss.
976 2647 1035 2712 viri
1046 2649 1138 2713 Joan.
1155 2643 1310 2712 Ludovici
1326 2644 1445 2709 Calan&

144 2751 230 2815 drini
252 2751 373 2829 merita,
397 2752 461 2837 qui,
485 2751 596 2817 eidem
617 2776 712 2840 quam
733 2755 827 2840 primi
843 2755 934 2820 Libri
948 2755 1038 2820 initio
1051 2754 1257 2832 laudavimus,
1281 2741 1443 2840 diligentia

144 2859 360 2946 indefessisque
375 2861 450 2926 curie
464 2861 539 2927 huic
553 2863 701 2928 secundae
717 2863 803 2929 Parti
818 2863 1001 2952 invigilavit.

191 2970 505 3055 Reprehendendum
528 2971 634 3037 multis
659 2972 790 3037 fortasse
813 2972 970 3036 videbitur
994 2970 1080 3058 quod
1105 2969 1242 3035 oblatam
1264 2967 1444 3053 frequenter

145 3078 341 3144 occasionem
356 3081 443 3167 quasi
458 3104 476 3146 e
491 3082 635 3147 manibus
650 3082 851 3159 dimittentes,
868 3081 1087 3146 celeberrimas
1096 3075 1357 3165 philosophorum
1367 3097 1443 3139 oon·

145 3185 315 3250 troversias
344 3187 395 3251 vel
424 3187 553 3252 omnino
582 3189 761 3253 omittamus
790 3187 840 3254 vel
868 3187 978 3252 leviter
1005 3188 1159 3252 duntaxat
1186 3183 1443 3271 perstringamus.

144 3292 267 3357 Vertlm
282 3294 383 3359 sciant
397 3316 470 3358 eum
485 3294 579 3360 fuisse
594 3296 740 3361 Newtoni
755 3316 1036 3380 scopumaquone
1045 3294 1143 3358 latum
1158 3313 1295 3378 unguem
1307 3287 1444 3354 maxime

146 3398 299 3463 vellemus
314 3400 485 3478 discedere,
508 3413 545 3465 ut
558 3401 719 3489 ingeniosa
734 3424 859 3489 quoquc
874 3414 1075 3488 systematum
1090 3409 1267 3465 commenta
1281 3419 1299 3460 e
1313 3394 1443 3483 physici

147 3507 323 3572 eliminaret
344 3522 439 3595 atquc
460 3509 652 3598 profligaret.
697 3510 766 3576 Nos
781 3510 886 3596 itaque
901 3532 921 3574 a
932 3507 1159 3594 philosophicis
1180 3505 1287 3570 litibus
1307 3501 1445 3567 maxime

147 3618 260 3694 aversi,
282 3617 499 3682 altercationes
513 3641 637 3683 summo
651 3618 755 3684 studio
777 3618 1011 3684 declinavimus.
1056 3617 1123 3682 Tot
1143 3617 1271 3702 insuper
1291 3635 1374 3677 nova
1394 3611 1445 3677 his

144 3727 185 3791 de
200 3727 294 3792 rebus
309 3728 427 3813 scripta
441 3727 583 3814 quotidie
605 3727 867 3794 circumferuntur
883 3740 917 3792 ut
932 3727 1011 3814 justi
1025 3724 1129 3811 operis
1144 3723 1258 3789 molem
1278 3721 1446 3788 excederet

146 3833 198 3898 hic
214 3837 370 3901 secundus
387 3836 496 3915 Liber,
520 3836 548 3901 si
562 3837 737 3902 recentiora
751 3836 908 3921 explicare
922 3834 1164 3924 aggrederemur
1184 3830 1445 3917 philosophorum

41 3950 43 3954 “
145 3941 270 4026 placita.

183 4048 279 4112 Hanc
289 4049 459 4114 secundam
467 4049 585 4115 laboris
594 4049 694 4114 nostri
704 4061 826 4135 partem
835 4047 971 4137 benigne
981 4047 1139 4133 excipiant
1148 4043 1446 4112 Mathematicarum

144 4155 393 4240 Disciplinarum
416 4158 586 4237 candidati,
618 4159 807 4246 tertiamque
829 4158 956 4225 taudem
978 4171 1011 4223 et
1029 4157 1171 4223 ultimam
1193 4177 1276 4220 anno
1301 4151 1445 4238 proxime

143 4261 250 4325 futuro
265 4275 440 4346 expectent.

208 4463 287 4508 Itoma
300 4463 325 4508 in
340 4462 409 4522 Regio
422 4464 541 4510 Conventa
550 4465 606 4512 88⁶·-
623 4463 749 4513 Tn'vvitctis·

400 4546 472 4594 Anno
486 4550 556 4594 17⁴0.
