3098 5534
120 398 242 464 hm
257 396 422 477 miuus]
467 398 707 463 PRINCIPIA
731 395 1101 462 MATHEMATICA.
1342 398 1406 458 259

120 592 215 656 quem
229 570 314 634 linea
330 571 358 635 C
372 592 394 654 p
408 570 564 646 describit,
581 571 640 634 erit
661 569 702 634 sd
723 591 826 633 aream
842 570 872 633 V
888 568 917 631 C
933 569 970 645 P,
993 590 1087 653 quam
1113 567 1194 630 linea
1217 568 1245 631 C
1261 567 1289 630 P
1313 567 1405 629 simul

119 677 281 754 describit,
313 691 348 742 ut
362 678 508 743 velocitas
522 678 614 742 lineae
629 677 830 740 describentis
846 674 875 739 C
894 674 972 758 ped
998 673 1192 737 velocitatem
1217 673 1308 736 lineae
1333 671 1404 735 des-

119 782 267 847 cribentis
285 783 313 847 C
330 784 376 861 P,
397 783 457 846 hoc
472 795 528 859 est,
553 795 587 846 ut
609 781 740 865 ungulus
755 779 787 845 V
802 779 867 862 Cp
892 778 933 841 ad
956 778 1104 864 angulum
1120 778 1150 841 V
1166 778 1196 840 C
1211 775 1248 854 P,
1272 775 1405 860 ideoque

119 887 151 951 in
166 888 240 952 dati
255 891 386 968 ratione,
403 902 434 954 et
447 900 613 973 propterea
626 886 759 971 tempori
773 883 1024 971 proportionalis.
1070 882 1152 947 Cum
1170 875 1246 946 ¹ares
1270 883 1404 966 tempori

119 995 361 1079 proportionalis
376 996 414 1059 sit
428 1018 521 1079 quam
535 997 617 1059 linea
633 993 660 1057 C
674 1016 697 1077 p
718 993 752 1056 in

119 1101 214 1184 plano
223 1100 375 1164 immobili
387 1099 543 1177 describit,
555 1100 752 1174 manifestum

119 1216 166 1268 est
180 1205 265 1290 quod
274 1227 397 1290 corpus,
409 1219 539 1292 cogente
549 1208 643 1291 justae
654 1226 751 1293 quan·

120 1309 216 1373 titntis
231 1310 264 1372 vi
278 1311 447 1395 centripetrl
458 1311 574 1374 revolvi
583 1309 752 1396 possitund
815 1378 817 1382 Α
856 1392 863 1404 ¹

120 1434 191 1476 cum
221 1427 339 1500 puncto
363 1439 386 1500 p
414 1416 447 1478 in
472 1416 565 1480 curvi
591 1416 643 1480 ills
668 1415 750 1481 linei
811 1402 856 1506 ,³¹⁰

121 1541 216 1606 quem
238 1532 390 1604 punctum
412 1520 494 1586 idem
509 1545 531 1606 p
546 1524 668 1586 ratione
685 1525 751 1608 jam
792 1505 815 1604 ’,ι’

120 1627 262 1711 exposite
277 1629 424 1693 describit
437 1630 470 1693 in
484 1630 579 1715 plano
589 1630 750 1694 immomr.
784 1605 799 1762 ἱ*

122 1733 193 1798 Fiet
208 1734 341 1820 angulus
357 1738 388 1800 V
405 1736 433 1800 C
448 1760 469 1800 ιι
491 1737 607 1824 angulo
631 1738 659 1802 P
674 1737 749 1821 Cp,
789 1763 807 1894 p

120 1851 152 1904 et
165 1837 250 1902 linea
265 1839 293 1903 C
308 1863 329 1903 ιι
343 1840 435 1904 linere
452 1840 479 1904 C
495 1842 534 1919 V,
548 1844 752 1931 atquefignrn
886 1784 917 1854 P

802 1896 813 1926 ι

119 1964 142 2005 ιι
167 1944 196 2006 C
220 1966 242 2027 p
268 1944 377 2032 figurae
394 1946 424 2008 V
451 1946 480 2011 C
506 1948 534 2011 P
559 1949 693 2033 aequnlis,
720 1964 752 2015 et
810 1927 850 2058 lp

120 2070 234 2132 eorpus
249 2049 280 2111 in
300 2073 322 2134 p
344 2073 466 2135 semper
488 2053 623 2119 existens
644 2076 751 2120 move·
847 2057 889 2150 b,

111 2155 205 2238 'bitur
218 2156 252 2219 in
267 2159 434 2240 perimetro
459 2159 568 2245 figurae
592 2162 752 2227 revolven·
865 2142 980 2251 ΡἪΪζΜ
1246 2177 1272 2242 „e'

952 2247 1155 2352 ··············

120 2264 159 2328 tis
181 2288 203 2327 u
220 2264 295 2349 Cp,
319 2266 490 2352 eodemque
516 2283 657 2353 tempore
681 2270 752 2334 des·

118 2367 218 2430 cribet
240 2389 346 2431 arcum
370 2372 435 2455 ejus
462 2395 525 2456 up
550 2395 612 2458 quo
638 2396 750 2458 corpus
1359 2445 1361 2449 ,

118 2473 204 2536 aliud
221 2474 249 2537 P
264 2496 370 2537 arcum
386 2477 444 2559 ipsi
461 2478 592 2542 similem
607 2492 639 2543 et
653 2481 805 2564 aequelem
820 2481 851 2545 V
867 2482 894 2546 P
911 2482 943 2544 in
965 2479 1066 2567 figuris
1088 2480 1265 2565 quiescente
1279 2477 1310 2541 V
1326 2478 1354 2541 P
1370 2478 1401 2541 K

118 2581 296 2645 describere
310 2596 421 2664 potest.
468 2584 636 2659 Quaeratur
657 2586 762 2673 igitur,
785 2608 842 2671 per
859 2587 1068 2651 Corollarium
1089 2585 1232 2671 quintum
1254 2584 1414 2667 Proposi.

119 2690 212 2754 tionis
228 2690 298 2767 Vl.,
321 2691 366 2753 vis
389 2693 561 2774 centripete
583 2694 644 2777 qni
670 2716 783 2777 corpus
808 2693 925 2758 revolvi
949 2695 1049 2779 possit
1073 2695 1106 2757 in
1129 2692 1223 2757 curvi
1242 2692 1295 2756 illi
1321 2692 1401 2757 lineri

118 2817 213 2881 qumn
238 2809 389 2877 punctum
412 2818 434 2880 p
460 2797 606 2861 describit
634 2799 667 2862 in
695 2798 790 2883 plano
804 2798 981 2889 immobili,
1011 2811 1043 2864 et
1071 2797 1206 2864 solvetur
1230 2796 1400 2881 probleme.

119 2902 242 2979 Q.e.f.

254 3202 280 3250 .'
313 3170 596 3237 PROPOSITIO
620 3172 743 3238 XLIV.
788 3172 1060 3240 THEOREMA
1082 3171 1176 3238 XIV.

118 3363 305 3448 Dfflerentia
320 3364 436 3439 virium,
453 3365 554 3445 quibus
568 3384 671 3446 corpus
687 3366 720 3426 in
734 3363 802 3426 orbe
816 3364 984 3446 quiescerde,
999 3373 1028 3425 et
1041 3383 1144 3444 corpus
1158 3361 1243 3425 aliud
1256 3363 1289 3422 in
1303 3359 1399 3422 ecdem

160 3468 229 3529 orbe
243 3469 405 3530 resolvente
419 3471 575 3550 (equaliter
587 3470 696 3532 moveri
703 3479 838 3551 possunt,
853 3469 942 3532 estin
963 3466 1117 3551 triplicate
1139 3468 1256 3530 ratione
1279 3484 1400 3530 commu·
1432 3533 1445 3547 Ι

161 3573 209 3635 nis
223 3574 392 3635 altitudinis
407 3574 528 3636 inverse.

163 3755 310 3819 Partibus
325 3757 408 3821 orbis
423 3758 607 3840 quiescentis
623 3759 653 3822 V
669 3759 706 3837 P,
723 3759 751 3823 P
767 3755 800 3824 K
814 3770 906 3858 sunto
917 3756 1034 3839 similes
1049 3769 1081 3822 et
1094 3756 1229 3841 oequeles
1243 3755 1327 3820 orbis
1347 3776 1399 3818 re·

116 3944 204 4020 Vpn,
215 3943 319 4006 adeoque
329 3953 353 3991 et
363 3944 412 4005 ipsa
423 3945 551 4008 rejectoria
560 3945 634 3992 detur.
671 3945 740 4019 Inve-
772 3960 817 3993 nen
829 3946 849 3992 C
860 3959 875 4008 ι
886 3944 961 4019 ,¹³⁰5ae
973 3945 993 3992 C
1007 3943 1038 4000 V,
1052 3952 1122 4052 ruppe
1133 3941 1208 4006 figora
1218 3957 1235 3990 ιι
1249 3941 1303 4001 Cp,
1315 3941 1398 4003 figure

113 4024 161 4056 mn
173 4018 245 4070 igitur
255 4018 330 4067 potest
346 4012 398 4070 (per
410 4010 464 4055 Cor.
478 4014 500 4056 5.
513 4009 582 4068 Prop.
597 4011 635 4068 6.)
657 4009 741 4056 lexeis
773 4009 797 4056 V
810 4008 831 4056 C
843 4007 956 4055 Pumrlrs
974 4016 998 4054 et
1015 4021 1116 4069 equare,
1135 4015 1160 4054 et
1176 4019 1259 4066 eorpus
1277 4003 1325 4051 und
1343 4019 1398 4051 cum

113 4073 248 4131 centripetoe
259 4071 305 4132 qui
316 4086 399 4131 corpus
410 4088 433 4132 p,
444 4072 469 4118 in
479 4072 607 4134 trajectoriri
619 4072 659 4120 ille
671 4071 742 4133 Vpn
773 4081 861 4132 puncto
876 4087 898 4131 p.
917 4086 1008 4131 semper
1024 4069 1098 4116 letum
1117 4078 1141 4116 et
1158 4069 1258 4132 ligurem
1277 4067 1398 4114 immotam

113 4133 200 4184 molti
217 4144 298 4194 potest.
776 4134 826 4195 Vp
845 4149 861 4180 n
878 4134 1015 4190 describens,
1035 4132 1229 4180 describentem
1246 4130 1398 4191 perimetrum

148 4198 269 4254 Quoniam
281 4208 359 4244 autem
375 4198 477 4259 angulus
489 4198 512 4244 V
526 4198 580 4246 CP
596 4198 691 4260 oequelis
707 4206 742 4246 est
772 4197 917 4260 optigere·
933 4197 1071 4244 revolventis
1086 4211 1103 4242 u
1116 4197 1171 4256 Cp,
1191 4193 1320 4256 eodemque
1338 4203 1398 4240 tem-

111 4260 266 4372 i¹¹⁸li⁰dl⁰
285 4261 540 4372 ‘’ulrll‘ffii‘lP‘
556 4277 742 4371 qb⁰l⁰ie⁸¹¹ii
772 4259 1097 4372 Pllfflffil'
1106 4255 1399 4369 ,memus
1469 4352 1470 4355 s

115 4341 171 4448 Cup,
183 4340 346 4448 mgnliddiue
357 4398 381 4434 et
395 4340 517 4447 inmissae,
531 4341 740 4436 ¹l'icilrieoilrvenitur
771 4386 797 4435 ri
813 4339 944 4448 querceis}
956 4386 979 4432 V
992 4386 1014 4433 P
1026 4386 1059 4441 K,
1076 4338 1203 4432 dgcqnbere
1220 4353 1300 4446 potest.
1336 4336 1398 4431 Vgide

157 4451 198 4497 itio
208 4451 276 4497 linere
293 4451 400 4511 apsidum
414 4452 433 4498 C
445 4467 458 4496 v
469 4452 494 4497 in
510 4454 565 4498 orbe
580 4452 661 4500 mobili
674 4451 737 4511 Vp:
773 4449 796 4496 V
824 4451 829 4460 ’
864 4449 945 4497 οιιίιιιιι
957 4449 1048 4511 Legem
1058 4449 1092 4495 vis
1102 4448 1234 4509 centripetre
1250 4446 1275 4493 in
1291 4447 1397 4511 trejecto·

112 4466 169 4564 Pei-st
180 4515 244 4562 enim
254 4514 356 4579 erigulus
370 4515 391 4561 V
405 4516 450 4562 Cr
466 4515 554 4578 angulo
567 4516 588 4563 P
602 4515 656 4577 Cp,
673 4525 697 4562 et
712 4514 748 4626 lii}
766 4512 808 4624 2ιίιὶ
849 4510 1132 4575 pudeterminentemn
1142 4513 1233 4561 Comm
1247 4510 1389 4561 Pentros
