3098 5534
204 348 251 419 sir
720 348 984 417 PRAEFATIO.

198 520 327 602 berrdnr,
343 523 386 591 sd
399 536 503 591 motus
517 544 687 610 corporum
701 523 840 609 plurium
853 524 936 591 inter
950 546 994 600 so,
1016 522 1060 589 sd
1079 532 1185 589 motus
1198 542 1368 610 corporum
1382 524 1417 589 in
1430 546 1496 589 ure-

197 631 258 699 diis
272 633 499 712 resistentibus,
516 633 558 699 sd
571 637 663 710 vires,
680 631 849 698 densitates
864 645 896 696 et
909 644 1014 696 motus
1028 629 1215 708 mediomm,
1231 630 1273 697 sd
1287 631 1381 696 orbes
1392 654 1496 698 come·

196 752 301 807 tntum
315 752 347 807 et
368 741 481 807 similia
501 751 653 825 spectant,
681 740 852 806 editionem
876 740 910 804 in
935 738 1023 805 aliud
1047 751 1171 826 tempus
1196 737 1404 805 differendum
1428 762 1499 807 esse

195 848 315 935 putavi,
339 861 374 915 ut
392 861 506 915 caetern
528 848 662 916 rimarer
682 859 716 914 et
733 846 799 915 usui
817 848 850 913 in
871 846 1034 934 publicum
1055 845 1175 913 (hreni.
1219 845 1303 923 Quae
1328 845 1371 911 cd
1392 860 1498 913 motus

194 958 322 1026 luumes
336 970 480 1044 spectant
496 957 691 1044 (imperfecto
705 951 777 1023 crim
792 957 868 1039 sint)
882 958 916 1021 in
929 956 1112 1021 Corollmiis
1126 955 1357 1042 Propositiunis
1369 956 1498 1023 LXVI.

69 1076 72 1083 '
196 1066 292 1134 simul
307 1067 491 1152 complexus
499 1075 586 1143 sum,
602 1088 643 1130 ne
657 1064 782 1153 singula
796 1063 947 1130 methodo
969 1064 1142 1150 prolixiore
1159 1085 1255 1150 quem
1275 1085 1336 1149 pro
1357 1064 1404 1131 rei
1426 1065 1499 1153 digr-

196 1175 296 1241 nitste
308 1195 497 1259 proponere,
513 1185 546 1239 et
560 1173 718 1261 sigillstmr
733 1173 948 1240 demonstrem
963 1184 1097 1251 tenerer,
1119 1184 1152 1239 et
1172 1172 1285 1238 seriem
1304 1173 1500 1259 reliquarum

196 1281 449 1367 propositionum
463 1281 700 1367 interrumpere
747 1281 909 1349 Nonnulla
922 1281 994 1350 serd
1009 1283 1137 1349 inventu
1149 1282 1227 1347 locis
1247 1279 1353 1348 mimis
1375 1283 1499 1349 idoneis

195 1379 336 1459 inserere
350 1392 457 1469 malui,
474 1414 570 1479 quam
582 1412 751 1459 numerum
764 1392 1016 1482 propositionum
1029 1406 1062 1460 et
1083 1392 1246 1459 citationes
1268 1403 1402 1457 mutere.
1450 1392 1500 1460 Ut

196 1500 305 1565 omnis
318 1498 451 1565 candidi
464 1500 611 1589 legantur
625 1511 659 1565 et
672 1499 810 1569 defectus
825 1501 858 1565 in
872 1500 1002 1567 ronterii
1017 1513 1082 1569 tam
1096 1500 1215 1567 difficili
1229 1521 1294 1566 uon
1309 1511 1376 1567 tam
1389 1521 1499 1586 repre·

194 1605 364 1688 beudctur,
380 1631 475 1697 quam
489 1611 579 1675 novis
593 1610 747 1678 lectorum
767 1612 931 1679 conatibus
953 1612 1191 1701 investigentur,
1213 1624 1245 1679 et
1262 1610 1399 1700 benigne
1422 1633 1498 1698 sup·

194 1715 353 1801 pleonmr,
369 1714 462 1782 enixe
476 1738 565 1803 rogo.

294 1955 562 2017 memoramus,
573 1970 587 2003 e
599 1956 722 2019 weiss.
743 1957 874 2017 muts,

485 2040 580 2091 nors
595 2043 665 2089 loss.

1201 2297 1250 2363 IS.
1266 2296 1494 2370 NEWTON.

783 2488 911 2527 ⁸¹¹0·-

597 2645 837 2714 AUCTORIS
861 2639 1120 2712 PRAEFATIO

448 2875 834 3003 uorrronnn
872 2918 1243 2998 sucunonn.

773 3109 914 3134 m

202 3292 258 3385 In
272 3318 335 3385 hic
349 3315 488 3385 secundi
502 3317 735 3405 Principiorum
745 3317 884 3382 editione
896 3317 996 3383 multa
1007 3315 1139 3405 sparsim
1150 3316 1366 3394 emendantur,
1378 3328 1411 3383 et
1420 3337 1504 3383 uon·

199 3427 289 3494 nullu
311 3426 509 3513 adjiciuntur.
556 3426 596 3491 In
620 3427 710 3493 Libri
732 3428 833 3492 Primi
849 3430 995 3494 Sectioue
1011 3427 1057 3494 Il.
1079 3427 1218 3492 inventio
1239 3425 1363 3504 virium,
1388 3424 1504 3517 quibus

200 3559 336 3625 corporo
349 3536 383 3600 in
398 3537 528 3602 orbibus
543 3536 624 3602 datis
639 3537 757 3601 revolvi
771 3538 902 3622 possint,
926 3536 1046 3603 facilior·
1067 3537 1211 3602 redditur
1226 3549 1259 3603 et
1274 3536 1418 3623 amplior.
1463 3535 1506 3602 In

201 3647 294 3715 Libri
311 3646 450 3713 Secundi
466 3645 612 3713 sectione
626 3645 706 3713 vll.
722 3646 845 3715 theoria
861 3647 1046 3713 resistentis
1063 3646 1235 3712 fluidorum
1257 3642 1435 3711 occuratiris
1456 3644 1508 3713 in-

201 3756 384 3844 vestignmr,
401 3768 433 3820 et
447 3755 537 3821 novis
552 3756 774 3840 mrpcrimentis
786 3757 1000 3823 confirmatur.
1013 3755 1053 3820 ln
1061 3752 1162 3822 Libro
1169 3750 1280 3823 Tertio
1290 3755 1413 3823 theuris
1419 3754 1508 3823 lunae

201 3876 235 3931 et
248 3865 417 3953 praecessio
431 3865 692 3953 aequinoctiorum
707 3888 748 3931 ex
761 3866 926 3953 principiis
941 3867 1006 3932 suis
1019 3863 1145 3953 plenius
1160 3865 1371 3944 deducuntur,
1390 3877 1423 3932 et
1435 3864 1513 3934 tirs-

202 3975 271 4040 oris
285 3988 480 4043 cometarum
493 3974 639 4061 pluribus
653 3989 686 4045 et
704 3973 883 4045 sccurstiris
903 3976 1092 4063 computetis
1112 3975 1237 4044 orbium
1256 3974 1409 4063 exemplis
1431 3996 1510 4045 ωι-

203 4084 358 4154 linuntur.

301 4379 397 4427 natam
408 4379 516 4439 landini,
530 4381 595 4430 Hor.
609 4383 648 4429 28.
664 4384 734 4429 1718.

1206 4678 1258 4747 IS.
1283 4678 1512 4749 NEWTON.
