3098 5534
142 383 204 439 mo
439 372 778 443 naraosormar
802 377 1081 465 uaruaaats
1136 380 1249 459 [uos.
1266 380 1420 447 cosme

121 582 124 587 ·
137 566 249 630 aquam
263 567 386 610 sursum
398 547 432 611 in
446 549 618 612 octantibus
631 560 703 613 ante
717 549 865 634 syzygias,
881 571 918 612 ac
931 549 1078 613 desinunt
1091 549 1214 615 trahere
1225 570 1340 636 aquam
1351 573 1419 617 eur·

138 672 210 713 sum·
222 651 435 736 incipiuntque
448 651 573 717 trabere
586 675 700 738 equam
714 653 861 717 deorsum
874 655 908 717 in
922 655 1095 719 octantibus
1109 669 1182 738 post
1195 657 1347 742 syzygias.
1379 655 1421 721 Et

117 802 121 809 -
138 756 211 820 inde
225 758 362 820 maxima
376 780 465 842 aquae
479 758 611 822 altitudo
624 760 748 823 evenire
761 770 865 842 potest
878 761 911 821 in
925 759 1099 824 octantibus
1120 774 1192 844 post
1213 761 1367 847 syzygias,
1390 775 1421 826 et

117 864 265 928 -minima
278 866 312 928 in
326 865 498 929 octantibus
512 878 585 949 post
597 866 800 951 quadraturas
823 866 963 941 circitcr5
984 867 1045 928 nisi
1067 866 1221 949 quatenus
1243 888 1349 930 motus
1372 890 1419 931 as·

137 972 289 1036 cendendi
303 972 352 1036 vel
366 972 638 1038 descendendiab.
655 972 704 1036 his
729 972 844 1036 viribus
866 973 1033 1055 impressus
1054 971 1104 1035 vel
1125 994 1181 1055 per
1205 973 1269 1035 vim
1290 973 1416 1037 insitam

136 1101 227 1165 aquae
241 1080 335 1165 paulo
349 1079 464 1144 diutim
484 1093 668 1164 perseveret,
684 1080 733 1145 rel
747 1102 805 1165 per
819 1079 1044 1164 impedimenta
1054 1079 1134 1146 alvei
1147 1079 1242 1165 paulo
1255 1081 1348 1147 citius
1363 1083 1418 1148 sis·

136 1199 228 1253 tatur.

180 1297 277 1358 Corol.
293 1304 343 1361 21.
368 1297 487 1362 Eadem
501 1298 632 1374 ratione,
645 1296 707 1384 qud
721 1296 850 1362 materia
870 1296 957 1383 globi
975 1298 1067 1380 juxta
1088 1307 1278 1381 equarorem
1302 1297 1416 1363 redun-

134 1401 213 1465 dans
227 1403 320 1467 efficit
334 1406 458 1470 utnodi
471 1405 695 1492 regredientur,
710 1418 804 1490 atque
825 1403 899 1468 ideo
919 1425 977 1488 per
999 1403 1092 1489 hujus
1112 1403 1340 1468 incrementum
1363 1429 1416 1469 au-

133 1522 225 1594 getur
239 1510 298 1574 iste
311 1533 480 1598 regressus,
495 1534 552 1597 per
566 1512 802 1576 diminutionem
816 1511 891 1574 verb
902 1511 1095 1588 diminuitur,
1111 1523 1143 1575 et
1155 1533 1213 1595 per
1227 1512 1415 1577 ablationem

132 1614 271 1692 tollitur3
293 1617 329 1701 (l)
344 1617 371 1681 si
384 1619 514 1683 materia
526 1619 691 1704 plusquam
704 1619 882 1684 redundans
894 1618 1028 1695 tollatur,
1041 1617 1102 1681 hoc
1112 1621 1194 1683 estsi
1204 1619 1318 1706 globus
1324 1622 1415 1705 juxta

133 1738 321 1810 &quaterem
335 1726 385 1789 rel
398 1726 574 1810 depressior
587 1726 745 1804 reddatur,
761 1725 811 1791 rel
824 1725 925 1789 rarior
946 1747 1041 1811 quarn
1057 1727 1149 1809 juxta
1171 1726 1272 1811 polos,
1297 1728 1414 1790 orietur

132 1843 234 1895 motus
249 1830 404 1895 nodorum
418 1832 452 1895 in
465 1833 693 1918 consequentia.

175 1937 274 1999 Corol.
290 1943 341 2000 22.
365 1936 408 2001 Et
424 1936 498 2001 inde
519 1937 663 2014 vicissim,
690 1959 731 2001 ex
755 1949 843 2001 motu
867 1936 1023 2000 nodorum
1046 1937 1211 2002 innotescit
1235 1937 1413 2004 constitutio

129 2039 225 2127 globi.
270 2041 426 2106 Nimirum
444 2042 595 2129 siglobus
609 2041 699 2127 polos
714 2040 840 2106 eosdem
862 2055 1040 2106 constanter
1063 2054 1174 2120 servat,
1196 2061 1228 2107 et
1251 2057 1357 2109 motus
1378 2045 1414 2107 fit

129 2147 164 2210 ia
178 2147 401 2223 antecedentia,
416 2149 545 2213 materia
554 2149 647 2233 juxta
665 2160 857 2233 oequatorem
880 2148 1053 2224 redundat3
1076 2149 1102 2211 si
1124 2149 1157 2212 in
1181 2150 1412 2234 consequentia,

129 2253 244 2319 deficit.
289 2254 377 2320 Pone
390 2253 518 2342 globum
533 2254 718 2319 uniformem
733 2268 764 2318 et
777 2254 912 2338 perfecte
928 2255 1110 2318 circinatum
1131 2255 1163 2318 in
1185 2257 1295 2339 spatiis
1310 2256 1413 2320 liberis

127 2363 230 2447 primo
245 2362 425 2449 quiescere;
447 2362 520 2427 dein
542 2362 660 2446 impetu
684 2383 870 2448 quocunque
894 2363 1020 2450 oblique
1046 2364 1078 2426 in
1104 2365 1301 2447 superficiem
1329 2387 1413 2429 suam

126 2469 210 2534 secto
224 2471 367 2555 propelli,
383 2481 415 2535 et
428 2483 547 2536 motum
561 2471 635 2535 inde
655 2472 819 2554 concipere
835 2472 875 2553 (¹)
890 2472 1004 2554 partim
1029 2472 1219 2548 circularem,
1245 2474 1362 2556 partim
1383 2475 1414 2536 in

125 2577 288 2642 directum.
334 2578 492 2655 Quoniam
505 2577 617 2665 globus
632 2579 690 2642 iste
706 2576 747 2641 ad
760 2599 835 2640 axes
850 2599 957 2641 ornnes
972 2599 1030 2660 per
1051 2563 1191 2642 centrum
1214 2601 1308 2643 suurn
1330 2595 1413 2644 tran·

125 2698 249 2750 seuntes
262 2682 473 2750 indifferenter
481 2707 515 2750 se
526 2683 630 2760 habet,
642 2705 743 2769 neque
753 2683 940 2768 propensior
950 2697 998 2748 est
1008 2685 1041 2746 in
1050 2706 1147 2748 unum
1159 2706 1263 2761 axem,
1276 2708 1413 2750 unumve

125 2792 192 2855 axis
203 2791 306 2869 situm,
319 2791 361 2875 (¹)
370 2813 462 2877 quam
472 2791 504 2854 ln
516 2791 610 2855 alium
622 2790 777 2875 quemvis3
793 2789 994 2873 perspicuum
1005 2803 1061 2867 est,
1074 2789 1157 2875 quod
1170 2791 1196 2852 is
1209 2813 1302 2854 axem
1311 2814 1411 2869 suum,

125 2897 253 2982 axisque
266 2895 499 2961 inclinationem
513 2898 544 2959 vi
565 2895 691 2980 proprirl
712 2916 873 2979 nunquam
896 2895 1037 2958 mutabit.
1082 2896 1121 2976 (ἲ)
1146 2895 1331 2979 ΙωρεΠαῐυτ
1346 2899 1410 2982 jam

123 3003 234 3093 globus
248 3001 383 3090 obliqud,
400 3004 433 3066 in
448 3002 557 3068 etdem
572 3003 627 3066 illt
644 3001 820 3086 superficiei
842 3016 941 3085 parte,
969 3001 1029 3087 qul
1053 3002 1148 3085 prius,
1176 3002 1314 3086 impulsu
1337 3025 1411 3090 quo·

123 3134 244 3200 cunque
258 3135 359 3191 novo;
382 3126 414 3179 et
428 3111 498 3178 crim
514 3113 604 3176 citior
619 3110 668 3175 vel
684 3112 782 3174 serior
796 3110 949 3193 impulsas
963 3110 1106 3173 effectum
1121 3109 1165 3172 nil
1180 3122 1289 3188 mutet,
1313 3113 1409 3176 mani·

122 3305 230 3353 mxime
239 3304 300 3352 inter
310 3306 359 3353 bec
368 3313 456 3365 puncta
465 3302 569 3351 incidant
579 3301 627 3350 ferd
637 3299 698 3348 circa
705 3314 744 3347 oc·
813 3295 848 3359 (5)
867 3298 879 3325 ⁸
898 3296 1092 3358 Imyxllnturjam
1101 3299 1177 3356 globus
1187 3296 1280 3357 οόἰίῳιὲ,
1296 3299 1322 3345 ira
1331 3295 1407 3346 ctam

125 3379 206 3416 untes.
777 3359 817 3409 tut
828 3363 955 3424 superficiei
963 3370 1031 3420 perte
1044 3360 1067 3407 B
1078 3358 1125 3422 qud
1133 3358 1207 3420 pitia,
1217 3360 1260 3406 dc.

154 3435 186 3496 (²)
204 3436 217 3461 ⁸
235 3436 260 3481 ἃ
270 3436 362 3480 materia
370 3437 493 3495 plusquam
503 3434 636 3479 redundans
642 3432 741 3482 tollatur,

120 3511 162 3543 seu
180 3497 310 3543 cimeteria
327 3497 458 3543 redundans
475 3495 581 3557 negativa
600 3494 646 3547 fiat.
666 3501 744 3538 motus
1103 3496 1137 3563 ’Β

121 3560 234 3607 nodorum
245 3560 285 3620 qui
297 3573 344 3606 crat
356 3561 380 3606 in
389 3559 553 3611 antecedentia.
563 3558 683 3620 negativus
690 3570 743 3602 eva·

121 3624 167 3679 det,
180 3625 223 3670 hoc
234 3635 276 3679 cst,
292 3625 379 3669 orietur
394 3633 471 3669 motus
487 3623 602 3669 nodorum
622 3622 646 3667 in
664 3634 743 3666 conse

152 3687 220 3733 amaia

119 3701 186 3815 qu(¹)
205 3756 217 3779 ⁹
238 3752 324 3798 Partim
341 3753 482 3802 cimilarem.
492 3753 577 3810 partim
587 3753 612 3796 in
626 3752 744 3796 directum.

121 3814 199 3860 van
215 3816 237 3861 B
248 3815 294 3875 qui
306 3814 389 3875 globus
403 3815 423 3859 B
438 3815 460 3859 x
476 3812 598 3873 zobtiqut
608 3812 740 3871 impellitur,

119 3877 248 3925 secundum
260 3877 407 3923 directionem
422 3879 442 3923 Α
460 3878 486 3925 Β.
500 3878 524 3921 iu
535 3877 593 3921 duaa
604 3877 662 3921 viros
672 3876 742 3921 restri-

118 3941 186 3996 vitur,
198 3956 296 4002 quarum
308 3940 378 3986 altera
392 3940 421 3986 ad
437 3950 543 3986 centrum
562 3941 582 3986 C
596 3941 665 4000 juxta
682 3939 741 3984 radi-

118 4019 159 4051 um
173 4007 195 4052 B
209 4005 354 4065 Cdirigitur,
370 4005 392 4050 ei
403 4015 492 4048 motum
509 4003 571 4064 globi
588 4004 611 4048 in
628 4003 740 4048 unctum

118 4069 233 4128 producit,
245 4068 317 4113 altera
327 4068 454 4113 aecuralum
467 4077 600 4126 tangentem
612 4067 632 4112 B
643 4067 666 4112 1)
678 4066 742 4112 radio

121 4133 143 4179 B
156 4135 176 4177 C
187 4131 314 4178 normalem
326 4132 381 4192 agit.
398 4143 421 4176 et
439 4141 529 4175 motum
550 4130 667 4176 rotationis
682 4128 742 4176 cirta

118 4211 186 4304 dm
201 4196 272 4256 plano
290 4197 311 4240 Λ
326 4195 348 4241 Β
363 4195 388 4241 D
400 4195 456 4241 XC
476 4192 688 4252 perpendicularem
705 4193 741 4238 in-

135 4261 190 4305 urit

151 4323 187 4384 (¹)
205 4326 218 4352 ³
247 4327 322 4376 Quam
340 4324 365 4369 in
385 4325 455 4368 alium
474 4323 574 4383 quamtis
583 4341 591 4371 r
618 4330 741 4380 anthuam

120 4397 198 4431 motus
209 4387 359 4445 imprimatur.
371 4387 517 4445 perspicuum
529 4395 563 4430 ert
574 4384 636 4444 quod
647 4384 667 4428 is
675 4398 741 4428 exem

119 4463 188 4494 mum
200 4450 317 4494 rotationis
325 4449 418 4510 axisque
426 4448 598 4495 inclinationem
606 4447 636 4492 ad
645 4446 741 4505 planum

118 4511 216 4573 quodvis
236 4512 349 4572 positione
365 4512 446 4559 datum
464 4513 486 4558 vi
508 4511 599 4572 proprii
620 4525 741 4572 nunquam

118 4574 224 4623 innubit.
