3098 5534
167 397 231 457 aro
493 382 837 454 ruuosorrun
860 379 1136 453 NATURALIS
1193 384 1492 469 [uncam

165 558 295 650 equalis
318 572 364 626 est
388 559 522 646 ponderi
543 559 724 648 cylindrioae
746 559 903 625 columnae
924 580 1024 646 aquas,
1049 560 1136 645 cujus
1154 559 1244 624 basis
1264 574 1324 626 sst
1345 561 1491 626 mmm

167 672 198 739 F
214 673 251 750 F,
268 682 301 736 et
314 672 447 736 altitudo
463 680 483 735 2
500 672 533 736 G
549 672 566 736 1
582 671 629 734 vel
647 680 667 735 2
682 673 710 736 C
728 671 770 736 K.
805 672 889 736 Num
900 692 982 757 aqua
995 671 1137 749 exilium,
1149 692 1216 758 quo
1232 686 1396 758 ternpore
1410 674 1491 737 hauc

164 781 344 848 oolmnnam
368 793 481 866 aequat,
508 781 649 865 pondere
675 803 733 846 suo
756 782 798 847 ab
823 780 989 847 altitudine
1011 781 1078 848 GI
1100 782 1253 847 cadendo
1275 783 1489 848 velocitatem

163 912 262 969 suam,
279 890 341 977 quir
357 890 454 969 exilit,
472 889 633 976 acquirere
647 901 761 975 potest.

208 998 307 1064 corat
324 1006 370 1065 3.,
389 996 519 1062 Pondus
534 1020 626 1083 aquae
639 998 734 1062 totius
748 997 782 1060 in
796 1017 868 1061 vase

163 1104 197 1170 A
212 1104 240 1170 B
256 1106 290 1168 D
308 1105 336 1168 C
352 1118 400 1169 est
414 1105 455 1168 ad
468 1104 618 1188 ponderis
638 1117 771 1190 partem,
794 1126 867 1189 quar
925 1106 937 1143 ³
973 1084 979 1098 ⁸

161 1217 196 1280 iu
210 1214 374 1279 defluxum
389 1235 480 1299 aquoe
494 1213 708 1297 impenditur,
723 1224 759 1278 ut
781 1234 865 1278 sum·
933 1272 941 1283 .

160 1345 215 1387 ma
235 1322 424 1387 circulorum
439 1322 470 1386 A
487 1321 562 1387 Bet
578 1322 607 1385 E
624 1321 651 1384 F
670 1322 711 1386 ad
733 1321 866 1407 duplum

161 1431 430 1499 circrdumEF.
477 1429 866 1496 SitenimIOmedis

159 1539 403 1627 proportionalis
415 1541 497 1604 inter
512 1541 529 1605 Ι
543 1538 580 1604 Η
594 1554 626 1604 et
641 1539 659 1605 1
671 1540 722 1616 G;
738 1553 770 1604 et
783 1562 866 1626 aqua

159 1645 380 1731 perforamen
407 1645 481 1710 EF
503 1647 676 1731 egrediens,
703 1669 767 1733 quo
785 1659 866 1713 tem·

158 1775 237 1840 pora
251 1766 342 1842 gutta
356 1755 500 1820 cadendo
514 1756 554 1820 ab
570 1757 588 1821 1
603 1756 780 1820 describere
790 1778 865 1841 pos-

160 1874 210 1929 set
231 1862 431 1949 altitudinem
446 1862 463 1928 l
480 1862 523 1942 G,
547 1865 676 1951 [equalis
691 1865 750 1929 erit
765 1865 864 1951 cylin-

83 1966 90 1976 ’
158 1973 219 2039 dro
231 1976 321 2058 cujus
336 1975 418 2055 basis
433 1988 481 2040 est
496 1975 631 2040 circulus
655 1975 684 2040 E
702 1974 729 2039 F
747 1987 779 2041 et
792 1974 863 2039 alti·

159 2078 237 2147 tudo
250 2093 299 2145 est
314 2090 334 2145 2
350 2082 368 2146 1
384 2080 427 2159 G,
453 2082 484 2145 id
501 2096 558 2159 est,
585 2082 729 2169 cylindro
754 2082 841 2168 cujus
867 2081 951 2146 basis
974 2091 1022 2144 est
1035 2078 1173 2144 circulus
1187 2080 1223 2144 A
1243 2081 1278 2146 B
1293 2097 1331 2148 et
1347 2085 1484 2153 altitudo

149 2196 241 2263 ⁴testi
259 2188 275 2253 l
294 2188 336 2265 0,
361 2189 400 2273 (⁸)
414 2209 488 2253 nam
509 2189 645 2254 circulus
661 2190 690 2253 E
706 2190 734 2253 F
748 2201 796 2254 est
812 2188 855 2253 ad
869 2187 1022 2253 circulum
1036 2188 1069 2252 A
1085 2186 1114 2252 B
1128 2187 1161 2249 in
1178 2187 1423 2275 subduplicati
1439 2217 1484 2257 ra·

157 2297 244 2362 tione
259 2296 430 2361 altitudinis
447 2297 464 2361 I
482 2297 518 2360 H
533 2297 574 2361 ad
588 2297 786 2361 altitudinem
800 2295 818 2361 l
834 2297 878 2375 G,
893 2296 956 2360 hoc
964 2307 1022 2372 est,
1045 2294 1081 2358 iu
1101 2292 1245 2378 simplici
1266 2298 1405 2365 ratione
1419 2322 1482 2365 me·

119 2422 123 2429 '
158 2405 221 2471 die
235 2406 478 2492 proportionalis
495 2407 512 2471 Ι
528 2406 560 2471 0
575 2406 616 2470 ad
631 2406 827 2471 altitudinem
843 2406 860 2470 l
877 2406 928 2471 G:
951 2416 984 2469 et
997 2425 1062 2491 quo
1076 2414 1225 2487 tempore
1240 2419 1346 2493 gutta
1363 2411 1481 2475 caden-

157 2514 200 2581 do
214 2516 255 2581 ab
270 2516 288 2582 1
302 2516 479 2583 describere
493 2529 597 2601 potest
611 2516 807 2582 altitudinem
823 2515 841 2581 1
857 2514 905 2592 H,
921 2536 1004 2600 aqua
1017 2512 1185 2601 egrediens
1200 2509 1240 2596 (f)
1258 2518 1408 2603 {equalis
1424 2521 1481 2583 erit

157 2625 299 2713 cylindro
321 2629 409 2712 cujus
430 2627 514 2692 basia
529 2639 577 2691 est
591 2627 726 2691 circulus
741 2627 772 2690 A
789 2626 818 2690 B
833 2637 866 2689 et
878 2623 1012 2688 altitudo
1026 2635 1074 2688 est
1089 2630 1109 2686 2
1125 2621 1143 2687 I
1160 2622 1221 2689 H:
1249 2638 1290 2690 et
1305 2650 1379 2715 quo
1403 2643 1480 2694 teur-

154 2753 233 2818 pore
258 2745 348 2821 gutta
369 2734 512 2799 cadendo
531 2735 573 2799 ab
588 2734 604 2798 1
619 2756 677 2819 per
694 2734 732 2799 H
746 2733 787 2799 ad
803 2731 837 2798 G
851 2731 1001 2797 describit
1022 2729 1225 2795 altitudinum
1254 2733 1479 2802 differentiam

157 2838 195 2904 H
211 2838 254 2918 G,
271 2863 352 2926 aqua
366 2841 541 2930 egrediens,
558 2844 598 2928 (⁸)
608 2842 640 2906 id
656 2855 712 2919 est,
728 2863 811 2928 aqua
824 2852 891 2906 tota
904 2840 938 2904 in
953 2839 1054 2905 solido
1071 2840 1102 2905 A
1119 2838 1148 2904 B
1164 2838 1200 2904 N
1214 2839 1245 2904 F
1259 2841 1297 2907 Ε
1311 2845 1358 2911 Μ
1373 2870 1480 2934 aequs·

154 3040 260 3093 now
292 3042 496 3109 Jamverdhajus
507 3045 562 3094 Cor.
574 3051 597 3093 2.
610 3044 787 3094 dammatratio·
818 3043 920 3094 altitudo
932 3044 989 3101 Gi,
1000 3042 1134 3092 estadriar
1145 3043 1195 3107 qui
1206 3054 1281 3095 totus
1292 3052 1477 3114 aquoenffiaa-

155 3122 211 3156 nem
227 3105 335 3154 dedimus
352 3109 449 3170 (27⁴.l;
469 3109 546 3173 aliam,
564 3125 635 3172 quam
657 3113 788 3158 Newtonus
819 3110 849 3156 tis
859 3118 938 3155 motus
955 3108 1060 3171 generari
1079 3118 1154 3168 potest
1170 3118 1200 3156 ut
1214 3114 1225 3156 1
1239 3110 1277 3157 ad
1292 3119 1319 3170 2,
1339 3126 1366 3162 et
1377 3116 1477 3176 preinde

154 3172 250 3229 iudicat,
269 3183 427 3231 exposuerunt
440 3174 526 3221 Comes
545 3176 656 3222 Riccatua
672 3177 697 3222 in
713 3175 788 3222 citatis
819 3175 870 3221 brec
880 3173 915 3219 vis
925 3173 1021 3235 aqualis
1031 3181 1066 3218 est
1076 3172 1173 3232 ponderi
1185 3175 1340 3235 cylindricae
1358 3182 1476 3227 columae

156 3235 376 3293 Exercimionibus,
395 3247 420 3284 et
437 3237 579 3285 Eustachius
595 3238 744 3287 blansredius
759 3240 785 3284 in
816 3252 884 3300 aquas
899 3237 968 3300 cujus
985 3236 1045 3284 basis
1064 3245 1087 3284 et
1103 3236 1211 3284 toramen
1229 3238 1256 3285 E
1281 3241 1307 3289 F
1324 3254 1352 3291 et
1375 3243 1476 3291 altitudo

157 3300 356 3349 Adnotationibus
366 3300 396 3347 ad
408 3316 458 3362 cap.
474 3307 495 3348 1.
511 3302 634 3349 Tractatris
647 3302 785 3351 Guflelmini
820 3309 835 3349 2
849 3302 872 3348 G
885 3302 907 3348 l.
943 3303 974 3355 Q.
988 3316 1008 3347 e.
1022 3299 1045 3347 d.

154 3365 185 3415 da
193 3366 285 3413 Natura
293 3364 513 3428 Flurninum(quod
521 3367 726 3430 praeclarumopus
734 3376 786 3426 post
850 3366 886 3429 (‘)
899 3370 912 3396 ⁹
923 3368 989 3414 Nom
999 3368 1100 3414 circulus
1108 3367 1132 3413 Ε
1142 3368 1167 3414 F
1174 3376 1210 3414 est
1218 3372 1252 3415 ud
1266 3374 1400 3423 circulans
1412 3378 1437 3423 A
1446 3377 1474 3427 B.

154 3431 203 3478 fata
215 3428 302 3477 summi
318 3429 369 3486 viri,
386 3429 472 3476 clariss.
486 3431 567 3477 fratres
580 3432 675 3479 Gabriel
691 3441 715 3478 et
732 3432 785 3478 He·
817 3434 843 3479 in
854 3429 1014 3492 nsbdupir'cotti
1030 3433 1118 3478 ratione
1131 3432 1270 3480 altitudinis
1290 3438 1312 3487 1
1323 3441 1363 3493 H,
1381 3442 1475 3486 aad&

155 3494 250 3543 raclitus
262 3492 388 3542 Mansredi.
402 3509 439 3541 an.
453 3500 521 3544 1739.
543 3496 658 3543 Bononia
669 3495 707 3542 edi
718 3511 786 3542 cura-
817 3498 923 3544 tudinem
936 3498 953 3543 1
964 3497 984 3544 G
997 3498 1049 3557 (per
1062 3495 1116 3542 Cor.
1133 3495 1164 3553 1.)
1176 3498 1202 3542 id
1212 3508 1257 3553 est,
1278 3503 1309 3548 in
1320 3506 1428 3564 §.515⁶
1439 3520 1474 3549 η.

155 3559 232 3619 mat.)
268 3558 445 3605 Demonstratio
460 3559 494 3607 sic
509 3568 585 3621 potest
600 3561 692 3621 erponi.
729 3561 786 3615 Quo
817 3563 879 3608 tione
895 3562 976 3607 medioe
990 3560 1166 3620 proportionalis
1184 3563 1202 3608 1
1213 3564 1241 3613 0,
1261 3567 1300 3611 ud
1318 3570 1474 3615 aunuatim

155 3633 259 3683 tempore
270 3621 389 3684 cylindrus
399 3639 474 3685 aqua,
491 3625 560 3687 cujus
570 3624 630 3671 basis
641 3624 736 3686 equalis
752 3634 787 3672 est
820 3626 877 3680 1G,
898 3624 997 3686 ideisque
1011 3625 1099 3670 iactura
1115 3637 1144 3669 ex
1160 3623 1254 3673 circulo
1270 3629 1297 3674 A
1314 3630 1339 3678 B
1353 3633 1379 3677 in
1391 3632 1472 3678 altitu·

154 3687 264 3735 tutamini
277 3688 299 3734 E
314 3686 341 3743 F,
361 3696 384 3734 et
402 3687 502 3736 altitudo
520 3690 542 3735 G
557 3688 570 3734 1
586 3688 609 3734 vi
626 3689 733 3750 ponderis
750 3689 786 3736 sui
819 3688 924 3735 dinami
939 3689 950 3735 l
965 3689 988 3734 0
1000 3688 1089 3751 equale
1100 3696 1134 3734 est
1144 3687 1209 3735 sacto
1220 3705 1249 3735 ea
1264 3690 1368 3742 circulo
1382 3695 1440 3743 E‘F
1450 3696 1474 3741 ia

154 3752 261 3801 cadendo
277 3750 414 3799 describeret
430 3751 578 3800 altitudinem
591 3753 604 3800 1
618 3755 650 3810 G,
667 3762 691 3800 et
702 3753 785 3800 reloci-
818 3753 967 3800 altitudinem
986 3754 1025 3801 21
1041 3752 1071 3806 G,
1089 3761 1139 3807 aut,
1156 3752 1224 3813 quod
1241 3753 1314 3803 idern
1332 3770 1380 3816 aar,
1398 3760 1473 3819 qun.

154 3825 305 3879 tatemaqure
313 3815 428 3862 exilientis
436 3818 579 3879 acquireret3
592 3817 675 3865 eodem
683 3827 787 3877 ternpore
819 3817 876 3864 drus
894 3818 963 3879 cujus
981 3817 1041 3864 basis
1059 3827 1094 3862 est
1110 3815 1216 3863 circulus
1240 3818 1262 3864 E
1280 3820 1304 3867 F
1327 3832 1355 3870 et
1371 3824 1473 3871 altitudo

155 3897 169 3930 s
179 3881 295 3929 foramine
307 3880 330 3927 E
340 3879 361 3927 F
371 3880 476 3927 efflueret
487 3897 554 3943 aqua
564 3884 682 3943 quantitas
693 3882 788 3944 aequalia
820 3887 835 3929 2
849 3881 860 3928 l
873 3883 904 3938 G,
922 3891 1027 3943 aequatur
1037 3880 1142 3941 cylindro
1153 3881 1225 3944 cujus
1235 3884 1306 3932 basis
1319 3897 1358 3934 aa
1368 3889 1472 3935 ώωιης

154 3945 222 3994 alteri
240 3944 345 4007 cylindro
367 3959 449 4007 nqueo,
469 3947 538 4008 cujus
555 3946 616 3993 basis
632 3957 667 3993 est
682 3946 787 3993 foramen
822 3947 844 3992 A
860 3945 1026 3993 Betaltirudo
1037 3944 1077 3992 21
1092 3946 1122 3992 0.
1478 3974 1483 3981 ·

156 4011 179 4058 Ε
193 4010 221 4067 F,
238 4020 262 4057 et
277 4007 429 4071 longitudoa
443 4010 465 4057 G
480 4009 491 4056 1
505 4014 555 4073 (80.
572 4009 624 4058 Lib.
640 4011 683 4073 1.),
701 4010 726 4057 id
742 4020 783 4067 est,
850 4010 881 4074 (¹)
894 4015 907 4041 ⁹
921 4013 1031 4073 AEqaau's
1041 4013 1082 4056 erit
1094 4011 1200 4072 cylindro
1212 4012 1289 4073 ιη’...
1301 4017 1369 4065 haas
1379 4028 1412 4065 m
1424 4020 1470 4065 α’..

154 4075 261 4138 cylindro
278 4075 360 4135 prr'oris
377 4073 465 4134 duplo;
485 4084 508 4120 et
525 4073 578 4121 ided
595 4077 625 4122 ob
641 4075 785 4123 velocitatem
817 4078 886 4123 cadus
897 4077 921 4122 A
934 4078 956 4122 B
967 4085 988 4122 et
999 4078 1096 4123 altitudo
1107 4084 1139 4121 est
1156 4075 1248 4123 2111.
1291 4079 1395 4129 Eadem
1405 4084 1469 4128 enim

154 4154 225 4203 quarn
242 4139 362 4200 cylindrus
378 4154 419 4198 per
434 4138 582 4186 altitudinem
601 4140 614 4187 1
629 4140 660 4195 G,
680 4139 785 4186 radendo
816 4154 884 4200 aqua
895 4139 1011 4200 quantitas
1021 4139 1103 4185 codem
1115 4149 1221 4198 tempore
1232 4144 1325 4190 transit
1336 4161 1382 4205 per
1391 4148 1469 4193 ςὴω.

154 4204 259 4266 acquirit,
288 4203 402 4266 aqualem
424 4203 540 4250 velocitati
566 4219 633 4279 aqua·
660 4204 783 4261 exilientis,
817 4205 852 4250 los
871 4204 893 4251 A
909 4205 937 4256 B,
954 4214 978 4250 et
996 4204 1019 4250 E
1033 4204 1053 4250 F
1068 4203 1138 4267 (att)
1155 4213 1179 4249 et
1194 4207 1325 4266 quantitas
1342 4226 1414 4272 aqua
1431 4225 1469 4268 per

188 4269 271 4315 antitas
282 4269 360 4316 motiis
370 4268 395 4314 in
405 4268 446 4315 illo
456 4266 561 4330 cylindro
572 4282 595 4312 vr
606 4266 714 4328 ponderis
724 4269 786 4329 ejus·
818 4267 932 4315 circulum
948 4269 969 4313 A
984 4268 1014 4321 B,
1026 4267 1166 4314 transeuntis
1176 4283 1206 4314 so
1214 4279 1331 4331 amputa
1342 4286 1468 4336 φημι

154 4282 211 4378 dim
228 4333 327 4393 cylindri
344 4333 430 4396 genita.
452 4332 689 4394 estadquantirsrem
707 4332 786 4378 motirs
818 4331 1058 4379 cadendodescribere
1066 4333 1466 4399 pomruumdinemltr.1qus

154 4395 238 4443 eodem
254 4408 359 4458 tempore
370 4399 394 4444 in
405 4397 465 4460 aqui
477 4397 586 4444 exiliente
605 4397 743 4457 productam
760 4407 787 4443 ut
818 4397 848 4443 lis
864 4398 907 4442 erit
922 4397 1028 4456 cylindro
1044 4411 1118 4460 aqueo
1136 4397 1205 4457 cujus
1223 4400 1289 4445 basis
1307 4412 1348 4449 eat
1363 4403 1467 4449 cirmini

157 4464 168 4507 1
187 4459 218 4507 ad
234 4467 257 4506 Q.
294 4463 340 4509 Sed
360 4463 419 4508 vires
436 4461 565 4508 uniformes
583 4462 669 4523 quibus
688 4459 786 4521 cylindri
821 4462 844 4508 A
861 4461 917 4508 Bet
928 4460 1054 4507 altitudo?
1067 4461 1078 4507 l
1093 4460 1119 4506 H
1132 4463 1183 4522 (Soa
1200 4461 1257 4510 Lib.
1273 4463 1324 4522 L).

154 4523 260 4571 cadentis
277 4535 301 4572 et
319 4541 387 4588 aqure
404 4527 520 4573 exilientis
537 4537 617 4572 motus
638 4535 786 4588 generantur,
852 4525 888 4586 (ί)
902 4529 914 4555 ⁸
928 4529 959 4573 nt
970 4535 1010 4581 est,
1021 4542 1081 4588 oque
1093 4535 1149 4573 toto.
1179 4525 1245 4573 Nam
1257 4543 1288 4575 aa
1301 4530 1334 4577 iia
1345 4547 1402 4592 qun
1412 4539 1466 4578 arra

154 4597 211 4636 nat
221 4598 249 4634 ut
259 4589 337 4636 rnotds
348 4591 489 4652 quantitates
500 4589 581 4637 eodem
594 4601 698 4649 tempore
709 4605 723 4635 a
736 4590 789 4634 riri·
821 4603 868 4637 cas.
884 4595 904 4636 1.
918 4589 980 4635 dieta
992 4600 1054 4643 sunt,
1070 4589 1222 4637 manifestum
1234 4602 1272 4639 ast
1281 4609 1378 4656 aqum
1394 4608 1465 4642 mua

154 4654 201 4701 bus
220 4651 266 4699 illis
281 4653 368 4715 genita
381 4657 432 4715 (15.
448 4655 501 4701 Lib.
518 4654 562 4715 l.).
599 4656 680 4709 erare
697 4653 789 4714 pondus
822 4653 932 4714 predicto
951 4654 1026 4701 solido
1044 4663 1185 4711 conmotam
1204 4669 1251 4715 par
1268 4657 1386 4708 bama
1405 4657 1466 4707 BF

154 4716 255 4780 cylindri
270 4732 346 4780 aqua,
364 4718 666 4782 cujurbuissstloramen
684 4717 708 4765 E
723 4717 749 4766 F.
765 4727 790 4766 st
821 4716 1133 4780 summeurae.
1149 4725 1465 4788 queso-guesnae
