3098 5534
135 363 429 453 morsum]
477 369 720 436 Pnrucnua
741 368 1116 443 marunuarrca
1253 426 1254 433 ι
1389 386 1433 448 n

125 531 312 600 velocitates
322 535 460 621 partium
471 536 645 600 notularum
658 535 692 599 in
706 557 784 622 quas
799 534 1031 619 imprimuntur,
1043 540 1243 607 sustinebunt
1256 566 1290 608 se
1304 545 1426 614 mutuo.

128 636 259 725 (³)V1s
282 643 422 708 cochleae
445 644 486 707 ad
507 642 715 727 premendum
740 664 853 726 corpus
879 655 928 706 est
948 643 989 707 ad
1012 645 1075 709 vim
1101 646 1212 713 maniis
1226 652 1426 718 manubrium

129 751 380 836 circumagentis,
403 765 439 814 ut
464 749 622 814 circularis
647 749 795 813 velocitas
820 749 976 813 manubrii
1001 749 1037 815 ei
1063 752 1096 814 in
1117 766 1207 836 parte
1229 757 1283 820 ubi
1296 783 1315 821 a
1328 781 1427 825 manu

130 869 270 942 urgetur,
293 855 336 919 ad
362 856 557 920 velocitatem
581 855 811 942 progressivam
834 854 972 927 cochleae
995 879 1103 921 versus
1129 881 1243 944 corpus
1271 884 1424 946 pressum.

132 963 190 1045 (k)
212 961 308 1026 Vires
330 963 443 1049 quibus
468 964 596 1028 Cuneus
610 974 703 1048 urget
716 974 821 1045 partas
835 959 913 1025 duas
928 962 1006 1049 ligni
1020 963 1086 1027 fissi
1100 978 1174 1029 sunt
1188 967 1229 1031 ad
1243 969 1306 1032 vim
1320 972 1425 1038 mallei

131 1068 161 1130 in
175 1089 323 1146 cuneum,
348 1081 385 1133 ut
404 1090 590 1156 progressus
612 1068 705 1132 minei
725 1066 897 1131 secundum
913 1066 1204 1138 determinationem
1219 1074 1264 1137 vis
1279 1098 1299 1139 a
1311 1077 1427 1143 malleo

134 1175 163 1237 iu
184 1175 290 1258 ipsum
313 1175 484 1258 impressae,
505 1175 546 1239 ad
560 1175 755 1238 velocitatem
770 1171 830 1258 qut
845 1186 949 1255 partes
964 1173 1042 1260 ligni
1057 1176 1173 1241 cedunt
1187 1200 1298 1259 cuneo,
1314 1206 1425 1248 secun.

135 1280 203 1344 dum
216 1282 319 1346 linem
333 1280 470 1345 faciebus
485 1281 576 1346 cranei
597 1280 882 1366 perpendiculares.
926 1279 970 1344 Et
981 1301 1040 1362 par
1054 1295 1102 1346 est
1115 1284 1196 1347 ratio
1209 1287 1424 1356 machinarum

136 1388 281 1453 omnium.

172 1497 301 1560 Harum
316 1497 453 1561 efficacia
467 1510 499 1562 et
512 1521 587 1562 usus
602 1488 689 1561 ineo
704 1497 772 1561 solo
786 1495 936 1573 consistit,
959 1509 995 1560 ut
1009 1496 1213 1563 diminuendo
1227 1502 1424 1569 velocitatem

137 1626 298 1691 augeamus
324 1605 398 1682 vim,
421 1616 454 1669 et
477 1618 598 1669 contra:
623 1604 720 1669 Unde
742 1603 872 1667 solvitur
892 1603 926 1666 in
940 1603 1028 1666 omni
1041 1617 1187 1688 aptorum
1201 1606 1427 1675 instrumento.

137 1733 197 1774 rum
210 1733 331 1798 genere
344 1711 516 1797 problema,
541 1714 656 1776 Datum
665 1713 783 1792 postilio
797 1708 871 1772 data
892 1711 924 1772 ai
943 1713 1086 1788 movendi,
1109 1713 1239 1778 aliamve
1255 1715 1360 1778 datam
1374 1739 1428 1782 re·

138 1818 300 1881 sistentiam
315 1818 346 1880 vi
358 1817 429 1882 data
445 1818 623 1902 superandi.
662 1818 746 1881 Nam
761 1817 788 1879 si
801 1815 955 1878 machinae
968 1816 1013 1879 ita
1022 1815 1206 1896 formentur,
1229 1834 1265 1883 ut
1279 1822 1428 1887 velocita-

138 1939 175 1987 tes
189 1925 311 2012 agentis
326 1937 359 1988 et
372 1925 543 1989 resistentis
566 1925 628 1988 sint
649 1921 807 2006 reciproce
830 1933 865 1985 ut
878 1923 973 1998 vires3
996 1945 1092 2008 agens
1106 1925 1315 1990 resistentiam
1330 1930 1425 1993 susti·

138 2032 224 2095 nebit:
248 2045 281 2095 et
306 2032 416 2117 majori
440 2053 513 2095 cum
537 2031 735 2095 velocitatum
758 2029 937 2113 disparitate
953 2025 1007 2112 (¹)
1023 2030 1155 2093 eandem
1170 2033 1282 2097 vincet
1328 2035 1423 2101 Certe

138 2140 265 2203 sitanta
287 2138 329 2203 sit
352 2138 552 2202 velocitatum
575 2138 749 2223 disparitas,
772 2152 809 2200 ut
833 2136 974 2199 vincatur
999 2135 1094 2199 etiam
1115 2137 1291 2203 resistentia
1310 2143 1422 2223 omnis,

136 2321 192 2353 atam
209 2296 370 2361 ⁴velocitatem,
393 2321 435 2354 ceu
458 2305 483 2352 in
500 2304 601 2367 spatium
619 2302 683 2368 quod
703 2303 759 2352 dato
790 2303 864 2349 lineas
880 2301 984 2348 faciebus
994 2300 1069 2348 'cunei
1081 2302 1289 2365 perpendiculares
1327 2305 1423 2363 Quoni-

136 2381 227 2432 ωροτε
238 2369 371 2418 secundum
382 2370 500 2431 propriam
511 2369 663 2417 directiormm
671 2384 700 2415 ea
711 2368 759 2415 dia-
789 2381 828 2413 am
846 2365 920 2429 igitur
936 2379 1026 2412 cuneus
1044 2381 1117 2428 agens
1127 2367 1258 2414 seeundum
1274 2370 1360 2418 lineam
1371 2375 1421 2422 basi

135 2436 239 2494 positione
266 2434 383 2481 machina
401 2449 535 2494 percurrere
553 2432 629 2490 debet,
651 2432 758 2480 omnium
790 2429 863 2491 ipsius
873 2428 1094 2489 perpendicularem,
1105 2439 1179 2477 totam
1191 2447 1257 2478 suam
1272 2433 1422 2485 altitudinem

134 2498 286 2546 minamur
298 2498 358 2545 viras
368 2497 444 2545 metiri
455 2496 517 2545 lioet.
790 2493 911 2555 pmcnrrit,
928 2493 988 2539 ditm
1003 2504 1079 2552 pm
1095 2493 1154 2556 ligni
1170 2495 1220 2543 toti
1235 2496 1376 2546 carneuna
1387 2501 1422 2548 la-

157 2563 184 2627 (t)
198 2569 254 2612 102
265 2562 311 2609 Via
318 2561 458 2609 oocbleaead
466 2560 621 2622 premendum
629 2569 757 2622 aorpuseat
791 2557 892 2605 titudine
901 2572 916 2603 a
927 2557 1062 2603 seinvicem
1079 2568 1235 2613 removentur,
1255 2561 1299 2607 erit
1318 2563 1353 2623 (iu
1364 2579 1420 2612 casu

132 2624 215 2681 ,airim
232 2624 320 2673 maulia
341 2625 493 2673 manubrium
515 2625 700 2688 circumagentis,
726 2632 755 2671 ut
786 2620 921 2683 equilibrii)
939 2620 974 2666 ria
995 2621 1065 2667 cunei
1083 2620 1113 2668 ad
1134 2621 1193 2684 ligni
1215 2623 1376 2684 redemerim,
1392 2639 1421 2678 ut

131 2690 240 2739 dtmlaria
258 2689 369 2738 velocitas
386 2688 504 2737 manubrii
523 2688 550 2736 ai
565 2689 591 2736 in
606 2698 672 2750 parte
687 2689 728 2736 ubi
739 2704 755 2735 a
789 2685 859 2734 cunei
870 2684 971 2732 altitudo
981 2683 1011 2731 ad
1021 2683 1170 2732 latitudinem
1181 2686 1254 2746 ipsius
1264 2689 1332 2736 baaia.

130 2752 558 2879 iiiffi’wssdifflm
576 2752 754 2865 imi?
786 2749 928 2861 „iiiii
944 2748 1301 2876 iminamffie‘i
1314 2753 1423 2868 ‘itti

131 2883 193 2931 antu
202 2880 308 2944 corporis
322 2870 493 2943 comprimendi
510 2890 538 2930 ut
547 2881 642 2941 pondua
657 2896 754 2928 moran·
786 2877 886 2924 flexione
896 2887 959 2923 ortas
968 2876 994 2922 iu
1004 2876 1120 2924 mechinia
1134 2878 1281 2926 considerare
1297 2896 1420 2932 necessum

130 2945 180 2995 ium
198 2945 369 3001 consideretur,
392 2946 437 2993 erit
458 2945 528 3009 (101)
551 2954 699 2992 ammentum
720 2945 755 2992 vir
786 2951 827 2995 ert,
840 2955 922 3004 graves
931 2940 1036 3003 alioquin
1047 2940 1072 2986 in
1082 2942 1149 3001 praxi
1160 2957 1248 2989 errares
1258 2958 1416 2995 numerentur.

130 3011 271 3060 manbrium
287 3008 474 3074 circumagentis,
493 3019 520 3056 ut
535 3010 625 3057 factam
636 3024 665 3055 ex
676 3008 699 3055 vi
710 3008 751 3056 illa
816 3005 889 3052 Hano
899 3003 1019 3052 difficilem
1036 3004 1159 3052 materiam
1182 3007 1307 3064 Sturrniur,
1321 3010 1420 3058 Lubnt-

130 3071 228 3123 barm
244 3073 401 3127 velocitatem,
418 3083 443 3120 at
457 3084 605 3120 momentum
615 3073 751 3120 resistentia
784 3069 832 3118 tius
844 3069 1011 3124 Amontonius,
1031 3069 1162 3124 Parentiua,
1181 3071 1317 3119 La·Hirius
1333 3083 1357 3121 et
1377 3075 1419 3124 alii

130 3137 247 3187 atheram
263 3136 474 3185 erreeistentidin
485 3136 752 3199 suamquoqueveloci-
784 3142 920 3181 tractarunt.
964 3132 1118 3195 Bulfingerus
1130 3134 1192 3189 Totn
1210 3141 1244 3181 2⁰·
1281 3137 1415 3188 comment.

129 3209 201 3257 lateam
217 3213 248 3250 ut
265 3200 324 3264 ergo
341 3201 372 3248 sit
390 3200 554 3264 aequilibrium,
571 3201 640 3249 debet
655 3217 704 3248 aare
715 3216 752 3249 ro-
786 3197 861 3246 Acad.
874 3196 992 3256 Petropol.
1004 3197 1215 3244 adtentandamer
1247 3200 1353 3248 nunnus
1360 3202 1417 3251 iric.

130 3265 416 3320 dment'nadrimmanin,
426 3265 751 3313 utcirculariavelocitasrna.
783 3262 876 3309 donum
888 3259 1198 3321 mansuramduopropouit
1235 3276 1416 3328 eoremataqua

129 3328 166 3377 aa
178 3331 208 3378 ad
218 3329 369 3378 velocitatem
380 3329 524 3386 resistentia,
541 3329 589 3377 aive
600 3329 630 3377 ad
640 3329 750 3378 velocita.
783 3329 814 3373 ob
825 3339 907 3372 eorum
918 3323 1054 3372 facilitatem
1065 3334 1089 3372 et
1099 3340 1170 3372 usum
1180 3326 1219 3373 hic
1227 3329 1355 3378 exscribere
1366 3345 1420 3380 noav

128 3394 346 3507 ἳιὴᾞηω
362 3393 484 3505 ορώίεέἐί
492 3394 600 3505 ιιιὲιέιιίι
609 3393 750 3505 mappulis.
783 3393 825 3439 aba
836 3405 861 3436 re
872 3389 924 3436 erit.

287 3473 419 3506 umcuua
485 3473 514 3504 ua
568 3473 686 3506 manuru
706 3473 750 3504 on-

127 3475 749 3584 Qemmoedleamqueadmanummmp-

127 3584 749 3648 aammmmchmperalrimdinemaeuaia

126 3650 215 3699 Μαι
229 3650 333 3700 domun
343 3650 449 3698 belicum
459 3649 616 3713 progreditur,
633 3648 669 3696 ria
680 3651 749 3698 coch-

126 3709 207 3765 beat
225 3714 384 3778 premendum
402 3728 487 3776 oorpm
504 3714 549 3762 erit
564 3713 772 3767 mammenus*

125 3781 268 3829 maurium
287 3779 469 3855 circumagentis
484 3786 512 3826 ut
526 3776 657 3840 peripheria
667 3777 749 3825 circuli

125 3844 230 3957 mato
246 3844 313 3892 radio
328 3842 438 3905 descripti
448 3842 479 3890 ad
494 3842 630 3891 diatamm
645 3843 748 3890 duarum

151 3970 185 4035 (¹)
209 3978 264 4022 loe.
286 3972 441 4020 Momentum
461 3970 531 4024 cunei
553 3979 588 4018 ert
608 3980 636 4018 ut
657 3971 747 4018 sacmm

126 4035 196 4099 (tot),
211 4052 243 4086 ea
253 4037 278 4084 vi
295 4035 408 4098 imprma
424 4051 438 4083 a
453 4035 540 4082 malleo
555 4033 580 4080 in
596 4034 666 4082 cunei
682 4035 746 4082 velo-

124 4100 216 4155 mam.
234 4100 426 4161 aeuiucpatium
452 4099 746 4160 uoddatotemporaper-

124 4166 286 4237 mmmmm
296 4163 428 4212 cecuadbm
435 4116 588 4241 directionem
596 4163 631 4209 via
636 4179 653 4238 ‚⁸
659 4162 747 4238 malleo

123 4241 316 4341 modendi
331 4302 367 4339 est
382 4302 410 4339 ut
420 4243 509 4340 tac'tiiin
525 4226 746 4338 ffffifflffi
853 4278 858 4287 “

123 4354 313 4412 hrelotitatam,
330 4355 378 4419 qui
395 4367 471 4417 partes
488 4355 547 4418 ligni
564 4356 652 4402 cedunt
669 4370 746 4402 cuneo

123 4422 242 4471 madum
254 4423 331 4468 una·
344 4419 448 4468 faciebus
457 4420 527 4468 cunei
538 4418 746 4480 perpendiculares.
815 4421 892 4484 Suprd
906 4424 1050 4470 horizontem
1064 4424 1086 4468 Λ
1101 4423 1129 4477 C,
1147 4420 1308 4482 experimento
1328 4422 1413 4483 arepiua

123 4483 179 4535 'ntxti
197 4501 304 4549 quarum
323 4484 474 4532 directionem
485 4493 561 4544 partes
576 4482 636 4546 ligni
647 4498 748 4530 acuneo
780 4487 895 4543 instituto,
913 4487 1016 4534 elevetur
1035 4486 1131 4547 planum
1155 4488 1178 4532 A
1200 4487 1229 4539 B,
1247 4485 1278 4533 ad
1296 4502 1326 4533 an
1345 4487 1412 4532 ulum

124 4562 250 4609 mennam
268 4559 306 4597 oet
321 4548 394 4596 etiam
412 4558 559 4596 momentum
574 4547 710 4594 resistentia
721 4557 749 4594 ut
783 4551 842 4600 BA
861 4554 889 4606 C,
906 4551 939 4598 ita
957 4551 1014 4598 utsi
1030 4566 1114 4610 corpus
1133 4549 1203 4610 plano
1222 4552 1245 4598 Λ
1261 4551 1290 4604 Β,
1349 4551 1413 4597 bunc

123 4611 200 4662 bum
220 4630 251 4663 ea
277 4611 409 4660 maccam
432 4612 491 4676 ligni
506 4613 532 4658 in
559 4613 662 4674 epatium
684 4610 747 4674 quod
780 4615 896 4678 angulum
915 4615 1004 4662 elevato
1024 4617 1163 4674 impanatur.
1186 4612 1277 4662 tantbm
1300 4630 1349 4662 non
1371 4614 1413 4661 de-

124 4679 257 4743 maligni
269 4677 328 4727 dato
338 4686 443 4738 tempore
458 4677 600 4736 describunt,
617 4674 748 4724 recunditur
780 4679 890 4740 scendet,
907 4678 1034 4727 demandat
1055 4678 1165 4726 autentai
1181 4680 1285 4743 angulus
1305 4677 1411 4728 nonnihil
