3098 5534
173 414 237 474 480

206 586 362 651 Inaqusbsses,
381 584 407 633 in
424 599 547 650 progressu
565 583 620 632 verri
638 601 679 645 per
693 586 739 632 cir·
754 548 793 587 Μ

207 654 298 702 ceritum
309 652 339 699 sd
350 651 528 701 datnmomnem
537 665 552 697 a
562 660 642 698 centro
652 651 740 698 distata

207 718 266 766 tiam
274 713 565 777 siotundiqusumilares;
577 723 601 760 at
612 713 647 759 via
656 725 740 760 attrac-

208 781 256 828 tiva
270 779 352 839 puncti
369 779 482 840 cujuupua
493 779 523 824 sit
534 787 560 825 ut
571 775 679 824 dietanth
689 792 740 840 cor·

208 843 270 906 poris
286 843 392 890 attracti:
416 840 468 888 dito
489 841 553 902 quod
571 842 605 887 ria
626 851 674 888 tau
694 839 742 901 qui

208 906 343 970 hujusmodi
352 907 448 966 spboerae
454 903 508 951 duee
516 920 541 951 se
547 903 631 951 mutuo
638 905 740 959 trahunt,

209 972 240 1020 sit
258 968 434 1032 proportionalis
451 967 566 1015 distamisi
585 968 645 1014 inter
663 977 743 1014 centra

208 1037 357 1097 aphamia
359 1061 740 1081 ...................................
757 1031 806 1078 868

201 1137 306 1187 Pnoe.
316 1136 448 1185 LXXIX.
459 1135 596 1185 THEOR.
605 1135 733 1184 XXXIX.

180 1225 205 1274 Si
213 1222 346 1284 superficies
355 1221 387 1269 sd
397 1219 543 1269 ladmdnam
563 1220 653 1269 Infiniti
671 1219 742 1267 dimi-

210 1296 293 1334 nutam
301 1287 398 1349 jamjam
408 1300 547 1332 evanescens
559 1285 582 1332 tt
598 1285 640 1332 Fi
647 1300 669 1343 e,
687 1299 743 1331 coo·

210 1350 330 1397 solutione
345 1350 382 1396 sui
398 1350 460 1396 circa
475 1364 542 1396 asem
555 1350 575 1396 P
588 1349 613 1405 S,
630 1348 744 1395 describat

210 1413 311 1461 solidum
333 1413 472 1475 sphericum
491 1425 742 1468 concavo-convexum,

210 1477 242 1524 ad
251 1479 319 1540 cujus
329 1477 454 1537 particulas
464 1475 568 1538 singulas
579 1475 679 1537 equales
692 1484 743 1521 ten·

210 1541 269 1588 dent
279 1541 379 1602 equales
390 1541 449 1586 sires
459 1540 605 1600 centrIpetoe:
619 1539 672 1585 dico
679 1535 744 1599 quod

210 1605 252 1658 ris,
274 1603 322 1665 qui
340 1602 442 1650 solidum
458 1601 517 1648 iilud
533 1603 604 1649 trahit
619 1616 744 1662 corpurcu-

211 1668 263 1715 lum
273 1669 344 1714 situm
356 1667 380 1712 In
394 1667 421 1720 P,
438 1676 473 1712 est
484 1667 508 1711 'n
519 1665 608 1712 melone
618 1663 745 1725 compositi

211 1730 417 1779 axmuonawlidi
431 1729 550 1792 Dqu
567 1728 745 1782 Fssetrationo

211 1793 585 1858 mquapenieutetaumtoao
598 1791 747 1840 utonem

212 1858 276 1907 idam
286 1857 457 1919 corpusculum.
460 1886 743 1906 ..........................

245 1963 350 2013 Puor.
361 1961 475 2010 LXXX.
496 1961 633 2010 TIIEOII.
645 1961 703 2009 XL.

183 2050 209 2101 ffi
227 2049 257 2097 ad
275 2050 371 2110 sphera
381 2048 481 2111 alicujus
502 2046 560 2095 AB
579 2046 610 2103 u,
630 2056 710 2094 centro
728 2047 746 2094 8

212 2112 470 2174 ἀκήριεψαηίοιιίιιι
478 2112 582 2173 singulas
589 2112 688 2173 aquales
694 2119 746 2157 tan·

213 2176 600 2239 dantoequaloerresceutripetse3
612 2173 675 2222 etad
687 2189 746 2234 spa·

213 2256 246 2288 rra
255 2255 321 2288 axem
333 2240 389 2295 ΑΒ,
396 2240 420 2285 In
427 2254 474 2300 quo
480 2238 644 2299 corpusculum
653 2237 747 2298 aliquod

215 2306 238 2353 B
247 2304 343 2360 locatur,
353 2303 471 2367 erigantur
478 2303 508 2349 de
515 2303 606 2362 punctis
613 2302 712 2363 singulis
721 2302 747 2348 D

214 2368 379 2430 perpendicula
394 2370 417 2414 t)
430 2367 452 2413 t:
463 2368 560 2426 sphaera
574 2365 707 2412 occurentia
723 2366 748 2411 in

216 2433 247 2488 E,
259 2443 284 2480 et
292 2433 317 2478 ia
328 2432 383 2492 Ipsis
390 2431 511 2490 capiantur
518 2430 675 2492 longitudines
684 2430 706 2474 I)
714 2428 747 2485 N,

521 2492 715 2555 DssquS

594 2570 615 2617 I'
628 2570 650 2617 E

215 2634 571 2748 ...aa
580 2633 624 2743 n
635 2631 748 2742 nn

218 2764 349 2811 Ptrahitur
364 2777 442 2809 sersus
460 2763 579 2822 spheram,
596 2711 679 2807 gepae
696 2774 750 2806 aras

219 2829 293 2875 ANB
306 2827 470 2887 comprehensa
478 2827 521 2871 sub
529 2840 572 2871 arc
580 2825 675 2884 sphera
686 2827 708 2870 A
718 2823 748 2879 Β,

216 2902 240 2938 et
251 2890 313 2937 linei
324 2889 395 2937 curri
408 2894 427 2935 Α
440 2890 463 2936 Ν
479 2890 508 2944 B,
519 2903 589 2950 quam
601 2897 715 2947 puuctum
726 2886 749 2933 N

216 2954 329 3016 perpetuo
338 2954 413 3017 ungit
423 2982 748 3002 ..............................
766 2954 813 2998 872

241 3062 346 3112 I’ROI’.
361 3061 490 3109 LXXXI.
510 3059 640 3108 PIIOBL
652 3058 728 3107 XLI.
766 3102 769 3108 .

188 3149 307 3197 Stantibua
323 3150 372 3211 jam
389 3147 475 3208 positis,
495 3144 633 3192 mesuranda
648 3155 683 3191 eat
698 3159 751 3191 area

221 3218 243 3261 Δ
258 3214 281 3260 N
295 3213 316 3260 Β
318 3240 748 3260 .........................................
766 3211 814 3254 ³73

760 1860 809 1904 ³69

215 2550 269 2597 quas
287 2534 334 2581 sint
350 2542 377 2581 ut
387 2532 504 2596 quantitas
725 2540 750 2578 et

221 3317 327 3366 PROP.
345 3315 489 3364 LXXXII.
516 3313 653 3361 I'HEOR·
668 3312 740 3359 XLI.

189 3405 221 3452 ln
231 3402 320 3462 sphrrri
331 3411 410 3448 centro
423 3401 445 3452 S,
458 3399 577 3447 intervallo
590 3399 638 3445 SA
652 3398 751 3458 descrip-

220 3479 252 3523 ta,
264 3467 283 3512 si
294 3466 415 3526 capiantur
429 3469 444 3509 S
458 3464 477 3519 I,
493 3465 509 3510 S
523 3467 552 3517 Α,
567 3465 583 3509 8
597 3463 624 3514 P,
642 3461 752 3509 oontinud

220 3530 414 3593 proportionales:
426 3527 546 3588 dicoquod
553 3528 682 3587 corpusculi
693 3530 752 3572 intra

223 3597 344 3656 spheram,
363 3594 386 3638 in
404 3593 455 3639 loco
470 3593 551 3653 quovis
563 3592 583 3643 I,
602 3592 706 3637 attractio
717 3599 752 3635 est

221 3659 250 3705 ad
262 3658 420 3704 attractionem
432 3657 504 3716 ipsius
515 3667 580 3702 eitra
590 3656 710 3714 spharam,
728 3653 753 3698 in

222 3723 274 3769 Ioco
288 3722 315 3777 P,
327 3722 352 3767 in
363 3723 451 3767 ratione
458 3719 585 3779 compositi
592 3735 619 3764 ex
632 3717 753 3776 subdupli·

221 3785 274 3833 cati
293 3787 380 3831 ratione
396 3785 556 3831 distantiarum
572 3799 587 3828 a
602 3795 681 3829 centro
701 3783 711 3826 I
728 3783 751 3835 S,

226 3851 280 3903 PS,
298 3861 321 3895 et
332 3849 492 3909 subduplieaui
504 3848 592 3893 rasione
603 3848 687 3892 sitium
699 3859 753 3890 cen-

223 3915 367 3974 mperatum,
389 3914 412 3958 in
425 3913 480 3958 tocie
491 3912 537 3957 illis
556 3912 576 3958 P
592 3920 616 3956 et
626 3911 646 3965 1,
658 3909 688 3955 ad
699 3924 753 3954 cen-

223 3990 285 4025 trum
296 3977 452 4024 tendentium.
457 4005 751 4023 ............................
771 3976 817 4018 389

224 4084 327 4131 PttoP.
342 4082 500 4131 LXXXIII.
521 4080 649 4127 PROBL.
664 4077 751 4125 xttt.

192 4170 301 4217 Invenire
321 4170 366 4214 vim
385 4167 432 4230 quii
452 4166 616 4227 corpusculum
636 4165 660 4210 in
677 4174 755 4210 centro

223 4236 319 4293 aphaerae
346 4234 447 4279 locutum
474 4231 503 4277 ud
531 4233 581 4292 ejus
608 4239 754 4291 augmentum

223 4299 380 4360 quodcunque
390 4297 513 4343 attrahitur
513 4325 753 4342 .......................
771 4296 817 4337 335

215 4401 319 4448 ΡΒΟΡ.
332 4400 485 4447 LXXXIV.
504 4397 635 4446 PIIOBL.
648 4395 753 4442 XLIII.

192 4486 301 4533 Invenire
321 4487 367 4530 vim
384 4486 432 4548 quei
448 4487 613 4546 corpusculum
626 4496 690 4531 extra
701 4497 754 4529 cen·

223 4562 286 4595 trum
306 4552 401 4608 sphaertu
419 4551 442 4595 in
458 4567 503 4596 axe
521 4550 635 4612 regenerati
656 4547 758 4609 cujusvis

223 4613 334 4669 locatum,
347 4615 469 4660 attrahitur
480 4617 509 4661 ab
520 4615 603 4661 coelem
615 4624 753 4676 segmento..
772 4614 819 4655 586

585 397 706 449 tuoax
725 392 1039 448 Pnorostmonurt.

871 572 1123 625 ennetxxxv.
1143 568 1279 619 innon
1294 568 1386 617 xmr.
1409 529 1453 570 ¹*

832 680 856 729 Si
864 679 965 739 corporis
970 677 1068 734 attracti,
1077 676 1117 725 ubi
1124 674 1246 724 attrahenti
1255 674 1396 736 contiguum

861 753 903 799 ast,
914 742 1019 790 atusctio
1029 739 1100 804 longe
1111 740 1192 787 fortior
1203 739 1239 794 sit,
1250 736 1323 799 quim
1337 735 1398 784 cit·

861 805 898 853 rel
909 807 1007 853 minimo
1017 805 1140 852 intervallo
1150 812 1285 864 nparmtur
1294 803 1324 848 ab
1333 800 1397 846 iori-

862 884 927 916 cent:
942 869 1002 917 siras
1011 867 1177 929 panicularum
1189 866 1308 920 trahentis,
1319 865 1345 910 In
1356 878 1396 911 ra·

862 946 928 980 aaran
944 932 1046 993 carpana
1061 932 1159 986 uuicti,
1175 928 1347 977 decrescentia
1358 943 1397 974 ra-

865 997 929 1043 done
950 996 1072 1058 plusquam
1094 993 1213 1055 duplicati
1233 991 1396 1041 munnam

862 1059 1007 1121 sparticulis·
1012 1086 1394 1108 .................................
1410 1057 1464 1101 ³88

850 1162 953 1210 tuoe.
966 1161 1121 1210 LXXXVI.
1140 1159 1277 1208 THEOR.
1289 1156 1394 1206 XLIII.

835 1250 860 1297 Si
873 1249 1046 1311 particulamm,
1063 1262 1092 1294 ex
1111 1247 1195 1310 quinus
1213 1261 1296 1306 corpus
1312 1254 1397 1293 attraa-

864 1316 940 1360 tirum
951 1312 1104 1372 componitur.
1125 1312 1184 1357 sires
1198 1312 1222 1356 In
1238 1324 1329 1356 recessu
1344 1323 1398 1356 aor-

864 1377 927 1438 poris
936 1376 1027 1423 attracti
1035 1374 1171 1422 decrescunt
1189 1373 1213 1420 in
1229 1371 1343 1433 inplicari
1359 1372 1398 1419 rel

866 1441 988 1501 plusquam
1000 1437 1115 1498 triplicati
1131 1439 1219 1484 muana
1234 1437 1399 1484 distantiarum

865 1519 880 1551 a
890 1501 1014 1563 panucula
1033 1502 1137 1549 attractio
1148 1500 1218 1563 longe
1227 1500 1307 1547 samar
1317 1499 1361 1546 erit
1371 1501 1400 1547 in

864 1576 979 1622 contum,
990 1565 1060 1627 quun
1071 1564 1127 1612 celia
1134 1566 1226 1612 trahem
1236 1574 1260 1612 et
1270 1573 1396 1610 attractum

866 1629 987 1678 intervallo
997 1629 1034 1677 rel
1050 1629 1148 1675 ιιιίιιίιιιο
1163 1637 1297 1688 separantur
1314 1629 1344 1674 ab
1360 1627 1400 1674 Io·

864 1694 938 1742 vicero
944 1720 1397 1743 ...........................................
1404 1689 1462 1739 ibid

846 1797 950 1846 PROP.
962 1795 1134 1845 LXXXVII.
1148 1795 1284 1843 'sutton
1296 1793 1398 1842 XLIV.

836 1885 860 1933 si
871 1900 967 1946 corpora
981 1884 1030 1932 duo
1045 1883 1088 1930 sibi
1105 1883 1204 1929 invicem
1220 1880 1311 1936 nmilia,
1331 1889 1398 1928 etex

865 1946 963 1996 materii
979 1947 1098 2010 equaliter
1118 1945 1237 1993 attractivi
1258 1943 1397 1998 constantia,

865 2013 960 2059 seorsitn
982 2011 1098 2058 attrahant
1118 2009 1256 2068 corpuscula
1277 2008 1319 2054 sibi
1342 2007 1400 2066 ipsis

866 2074 1044 2136 proportionalia
1064 2073 1132 2120 etad
1149 2088 1174 2118 se
1190 2073 1295 2118 similiter
1307 2072 1396 2131 positar

867 2139 1012 2187 attractiones
1021 2137 1191 2184 acceleratrices
1207 2135 1401 2194 corpusculorum

867 2203 892 2248 in
903 2217 999 2262 corpeus
1008 2211 1064 2258 tota,
1081 2212 1150 2247 erunt
1160 2210 1187 2246 ut
1197 2201 1344 2246 attractiones
1359 2212 1399 2244 aa·

867 2265 1009 2313 «lectrices
1015 2265 1205 2324 corpusculomm
1216 2263 1240 2308 in
1252 2277 1333 2308 eorum
1347 2276 1400 2320 par·

868 2330 951 2376 ticulas
967 2329 1020 2375 totis
1035 2327 1221 2387 proportionales,
1233 2337 1256 2372 et
1268 2327 1292 2370 in
1303 2326 1358 2371 totis
1368 2325 1399 2369 ai·

867 2394 953 2439 militer
968 2393 1052 2452 positas
1054 2421 1399 2439 .................................
1416 2392 1464 2435 389

839 2497 943 2546 Pnoe.
957 2494 1142 2543 LXXXVIII.
1163 2492 1300 2539 THEOII.
1314 2489 1398 2538 XLV.

840 2582 865 2630 Si
881 2577 1047 2640 particularum
1064 2575 1187 2639 aequalium
1204 2574 1307 2634 corporis
1321 2572 1400 2635 cujus·

871 2658 964 2704 cunque
981 2643 1040 2687 sires
1055 2640 1179 2687 attractiva
1190 2640 1237 2685 sint
1248 2648 1275 2684 ut
1284 2637 1403 2685 diruatis

872 2708 976 2754 locorum
988 2722 1002 2752 a
1016 2703 1147 2763 particulis:
1170 2703 1203 2748 sis
1219 2702 1319 2760 corporis
1330 2700 1402 2747 totius

872 2771 950 2818 tendet
970 2769 999 2816 sil
1019 2769 1093 2828 ipsius
1110 2777 1217 2815 centrum
1235 2765 1360 2827 maritatis,
1378 2773 1402 2810 et

871 2833 953 2882 eadem
969 2833 1011 2880 erit
1023 2847 1078 2880 cum
1089 2831 1111 2876 ri
1123 2830 1186 2891 globi
1197 2845 1224 2876 er
1237 2829 1333 2874 materiei
1344 2842 1400 2874 con·

871 2898 941 2945 sImili
951 2907 975 2943 et
982 2895 1065 2959 aquali
1077 2893 1201 2941 constantis
1211 2903 1235 2939 et
1243 2902 1350 2938 centrum
1360 2893 1402 2937 har

871 2961 982 3009 benuain
994 2962 1044 3024 ejus
1054 2969 1134 3006 centro
1144 2957 1269 3020 gravitatis.
1274 2987 1399 3003 ............
1418 2957 1461 3003 ³91

863 3063 966 3113 PROP.
977 3061 1126 3110 LXXXIX.
1150 3058 1286 3107 TIIEOII.
1299 3056 1400 3103 LXVI.

841 3149 866 3197 Si
885 3164 980 3208 corpora
990 3148 1037 3194 aim
1047 3147 1114 3206 plura
1129 3161 1157 3192 ex
1174 3143 1292 3204 particulis
1307 3142 1403 3203 aquali.

872 3214 915 3260 bus
927 3212 1061 3265 constantia,
1074 3225 1171 3270 quarum
1185 3210 1242 3253 vires
1253 3219 1307 3252 sunt
1319 3218 1345 3251 ut
1357 3206 1403 3251 dis·

873 3277 950 3322 tantiae
962 3276 1065 3321 locorum
1074 3291 1088 3318 ιι
1096 3274 1206 3333 singuiis:
1221 3272 1288 3316 riser
1296 3269 1404 3314 omnium

871 3340 957 3386 viribus
964 3339 1096 3395 corripenita,
1103 3336 1150 3397 qni
1157 3335 1320 3394 corpusculum
1329 3335 1403 3393 quod·

872 3418 964 3464 cunque
983 3403 1087 3455 trahitur,
1111 3400 1189 3446 tendet
1210 3398 1239 3443 ad
1261 3398 1404 3444 trahenuum

873 3481 998 3514 commune
1013 3477 1119 3510 centrum
1136 3463 1267 3524 gravitatis;
1288 3472 1310 3506 et
1322 3460 1404 3506 eadem

873 3531 916 3576 erit
927 3545 954 3576 ec
965 3530 983 3574 si
995 3529 1107 3574 umentia
1118 3528 1165 3582 illn,
1183 3536 1271 3571 serrato
1287 3525 1405 3585 gravitatis

874 3605 953 3641 centro
970 3592 1097 3645 coinmuni,
1117 3592 1205 3636 coirent
1222 3599 1246 3635 et
1263 3591 1286 3634 in
1306 3588 1404 3650 globum

874 3659 1029 3704 formarentur
1035 3685 1404 3702 ...................................
1422 3654 1470 3698 399

908 3761 1012 3809 PROP.
1027 3760 1080 3807 XC.
1119 3757 1248 3805 Pnosst.
1266 3754 1362 3801 XLIV.

845 3850 868 3898 Si
885 3849 915 3896 ad
931 3849 1024 3910 siugula
1042 3847 1122 3894 circuli
1140 3848 1300 3907 cujuscunque
1319 3851 1407 3900 puncta

874 3913 970 3960 tendant
980 3914 1036 3961 vires
1046 3911 1144 3972 equales
1151 3911 1290 3968 cemripetae,
1302 3921 1407 3951 crescen-

875 3990 909 4023 tes
920 3977 955 4022 nel
967 3976 1123 4021 decrescentes
1135 3976 1158 4020 in
1170 3988 1309 4034 quacunque
1320 3970 1408 4013 distan-

876 4042 961 4087 tiarum
981 4040 1081 4084 ratione:
1108 4039 1210 4084 invenire
1229 4038 1274 4080 vini
1292 4033 1338 4094 qui
1358 4048 1408 4076 cor-

876 4103 1001 4164 pusculum
1025 4102 1148 4149 attrahitur
1170 4102 1246 4147 ubivis
1264 4101 1365 4157 positum
1383 4097 1407 4140 in

876 4169 937 4214 rectit
948 4183 1000 4227 quar
1019 4167 1088 4224 plano
1105 4165 1184 4211 circuli
1196 4164 1225 4209 ael
1237 4174 1343 4209 centrum
1360 4160 1411 4220 ejus

877 4230 1096 4292 perpendiculariter
1113 4230 1204 4275 insistit.
1207 4258 1408 4275 ...................
1428 4228 1475 4271 395

921 4336 1026 4383 PIIOP.
1042 4335 1114 4382 XCI.
1134 4335 1264 4383 PIIOBI..
1279 4332 1360 4378 XLV.

849 4424 960 4471 Invenire
972 4423 1133 4467 attractionem
1146 4420 1276 4480 corpusculi
1289 4420 1325 4463 siti
1334 4420 1358 4462 in
1370 4433 1413 4462 are

878 4487 945 4532 solidi
964 4485 1064 4537 rotundi,
1086 4487 1115 4531 ed
1135 4487 1202 4546 cujus
1218 4495 1304 4543 puitcta
1320 4481 1414 4542 singula

879 4551 979 4597 tendunt
991 4551 1049 4593 sires
1061 4549 1161 4608 aquales
1172 4552 1303 4605 centripette·
1315 4547 1338 4590 in
1354 4545 1413 4607 qni·

879 4630 973 4675 cunque
982 4613 1142 4658 distantiarum
1152 4614 1240 4658 ratione
1248 4611 1412 4657 decrescentes.
1432 4612 1481 4656 ³95
