3098 5534
70 389 182 454 Lmen
196 383 360 467 ennon]
425 382 671 452 PRINCIPIA·
690 379 1059 448 MATHEMATICA.
1283 386 1345 445 858

67 585 141 626 nerr.
155 561 338 638 obuolutum,
354 583 425 646 quoe
446 560 545 645 mogis
560 557 705 644 dirigitur
721 556 755 619 in
771 575 938 638 corporum
961 554 992 619 T
1006 553 1080 619 etP
1095 573 1259 617 commune
1276 574 1348 639 grn-

68 671 170 735 vitntis
184 682 324 734 centrum
340 669 383 746 O,
398 691 491 754 quam
506 668 539 730 in
553 687 666 749 corpus
678 663 849 728 maximum
864 661 905 738 Τ,
921 682 1052 745 qunque
1067 658 1218 744 quadrato
1231 658 1348 723 dbtnn-

67 777 120 840 tiae
144 777 168 841 S
192 776 224 841 0
246 775 344 861 magis
367 786 415 839 est
436 770 674 856 proportionalis
697 765 864 851 reciproce,
894 754 988 850 quam
1016 763 1166 850 quadrato
1194 763 1348 831 dbtannae

70 884 93 948 S
109 883 159 948 T:
182 883 220 965 (⁰)
235 895 351 946 utrem
364 878 570 969 perpendenti
583 876 672 941 facile
685 874 847 940 constabit.
896 946 899 951 ¹

223 1127 508 1200 PROPOSITIO
531 1124 692 1193 LXVIII.
736 1118 1008 1188 THEOREMA
1031 1119 1198 1186 XXVIII.

67 1305 180 1371 Positis
194 1305 295 1367 iisdem
309 1302 517 1366 attractionem
531 1298 650 1382 tegitur,
666 1297 732 1359 dico
745 1295 824 1379 quod
835 1314 938 1377 corpur
947 1294 1073 1365 ceterius
1089 1293 1122 1370 S,
1143 1293 1223 1357 circa
1243 1294 1348 1356 inten'·

110 1434 192 1476 orum
207 1412 234 1476 P
244 1420 273 1474 et
282 1410 313 1475 T
327 1428 470 1472 commune
480 1405 642 1490 gravitatis
655 1411 782 1466 centrwn
793 1398 834 1477 Ο,
849 1400 946 1464 rediit
959 1401 1002 1463 ad
1014 1409 1141 1463 ceramon
1156 1400 1232 1463 illud
1244 1400 1347 1478 ductis,

111 1518 247 1580 describit
261 1537 348 1579 oreos
362 1513 535 1595 temporibus
549 1510 643 1592 magis
651 1506 898 1590 proportiones,
913 1513 942 1568 et
956 1504 1050 1567 orbem
1064 1504 1107 1567 ad
1113 1504 1248 1587 sor-irtam
1262 1505 1349 1588 ellip-

109 1645 171 1689 seor
185 1623 347 1687 umbilimm
361 1622 394 1683 in
408 1629 506 1683 centro
519 1618 615 1680 eodem
629 1613 761 1677 habentis
780 1613 874 1694 magis
891 1611 1081 1688 recedenter,
1104 1611 1132 1674 ri
1150 1631 1253 1693 corpus
1276 1613 1350 1675 inti..

110 1752 185 1793 nrum
199 1739 228 1792 et
241 1729 396 1791 morionem
410 1727 457 1790 Iis
471 1720 695 1788 atbadionibur
702 1718 831 1803 perinde
843 1724 931 1800 arque
940 1726 1047 1781 carm
1061 1717 1202 1801 agitettm
1222 1741 1307 1802 qnam
1321 1720 1350 1784 ri

112 1840 146 1904 id
158 1839 205 1903 oei
218 1859 277 1901 non
287 1843 446 1899 attractum
460 1833 599 1915 quiescat,
615 1829 660 1893 nel
672 1821 761 1890 multi
775 1826 868 1909 magis
890 1832 944 1888 ord
965 1820 1054 1888 tntilli
1075 1828 1170 1891 ricinus
1192 1835 1349 1893 euraclum

110 1953 164 2009 ant
177 1938 266 2007 Μὰ
279 1944 373 2026 magis
386 1951 439 2005 ard
454 1936 542 2004 mrdtd
556 1939 649 2001 minus
662 1936 803 2019 agitetur.

116 2115 155 2201 (⁴)
178 2115 417 2179 Demonstratur
431 2112 541 2178 eodem
554 2111 619 2174 fere
632 2106 727 2171 modo
741 2126 814 2169 cum
829 2100 924 2187 Prop.
941 2104 1065 2172 LXVI.
1087 2107 1143 2172 sod
1165 2121 1349 2197 argumento

66 2220 247 2308 prolixiore,
263 2221 349 2308 quod
370 2221 441 2286 ideo
463 2232 623 2304 praetereo.
669 2211 831 2278 Suffioeret
853 2232 922 2274 rem
945 2211 988 2276 rIc
1009 2214 1174 2280 aestImare.
1219 2215 1272 2280 Ex
1295 2215 1350 2281 do·

65 2332 289 2395 monstratione
301 2328 527 2416 Propositionis
536 2324 665 2390 novissi-

64 2460 127 2501 mte
140 2437 238 2525 liquet
252 2451 404 2515 centrum,
416 2438 448 2500 in
458 2435 542 2523 quod
553 2456 665 2517 corpus

67 2544 271 2630 Sconjunctis
283 2544 398 2608 viribus
408 2555 547 2631 urgetur,
559 2542 664 2626 proxi·
713 2550 737 2614 s
808 2534 812 2540 ’

64 2670 152 2713 mum
167 2670 233 2714 esse
247 2649 403 2713 communi
415 2661 521 2713 centro
532 2647 665 2735 gravita-
1020 2672 1040 2685 ··

64 2760 105 2825 tis
116 2759 250 2824 duorum
261 2759 394 2823 illorum.
433 2756 666 2824 Sicoincideret

64 2864 126 2929 hoc
141 2877 282 2929 centrum
297 2887 368 2928 cum
384 2878 491 2929 centro
505 2863 560 2927 ilio
579 2885 662 2926 com-

65 2970 162 3047 muni,
179 2982 211 3034 et
225 2970 395 3056 quiesceret
410 2990 573 3032 commune
593 2990 665 3031 cen·

66 3088 150 3138 trum
164 3074 320 3160 gravitatis
335 3094 501 3158 corporum
515 3072 608 3135 triutn
617 3095 626 3148 ;
654 3072 863 3137 describerent
877 3095 989 3158 corpus
1010 3074 1033 3138 S
1053 3095 1093 3137 ex
1114 3071 1176 3136 uni
1198 3084 1296 3157 purte,
1319 3083 1352 3136 et

66 3203 232 3246 commune
246 3193 386 3244 centrum
401 3180 534 3243 nliorum
548 3179 682 3243 duorum
699 3201 740 3244 ex
756 3180 852 3245 alteri
872 3194 971 3265 purte,
994 3181 1077 3253 circu
1099 3203 1263 3245 commune
1282 3202 1350 3244 om-

65 3288 155 3352 nium
170 3300 311 3352 centrum
327 3287 499 3372 quiescens,
517 3285 639 3371 ellipses
661 3299 828 3351 accuratus.
873 3288 910 3370 (²)
935 3287 1048 3372 Liquet
1061 3286 1122 3350 hoc
1135 3309 1193 3372 per
1209 3285 1350 3352 Corolia·

108 3478 143 3543 (⁶)
169 3481 182 3511 ⁰
213 3482 244 3528 Ut
263 3496 312 3528 rem
326 3481 473 3541 inmendenti
485 3477 559 3543 fdcdd
577 3481 691 3528 condedit.
758 3480 791 3544 (⁶)
810 3484 824 3511 ⁰
846 3482 1025 3529 Democrit-orer
1044 3483 1120 3529 eodan
1132 3479 1188 3547 seri
1209 3483 1282 3538 modo,
1303 3481 1348 3529 dre.

67 3543 134 3590 Nem
144 3543 178 3589 ris
188 3543 351 3590 eccelerntrittis
366 3541 498 3602 componitur
514 3540 562 3616 qui
576 3557 659 3602 corpus
678 3543 695 3590 8
728 3543 848 3590 Nimirum
859 3543 993 3590 resolvendo
1003 3542 1107 3606 ringulae
1116 3544 1261 3592 munna·
1268 3559 1351 3604 corpo-

66 3607 226 3666 :corporibus
238 3606 433 3654 TetI'trelritur
448 3606 543 3652 direcuo
559 3605 620 3652 cedit
635 3606 695 3652 inter
725 3605 757 3651 ris
769 3605 875 3652 scembs
888 3607 1180 3670 I’etTinnIquuerum
1191 3608 1285 3655 dureed
1296 3622 1350 3654 oen·

66 3669 706 3730 linensP‚sr,eteetenpuinu1,magtsm-,
724 3669 1265 3732 trumOdIrigentureteIinduodirectionee
1279 3672 1350 3721 bebe-

66 3733 143 3779 dited
155 3734 172 3781 S
184 3733 214 3791 T,
226 3749 297 3795 quem
308 3732 337 3781 ed
350 3734 367 3780 S
379 3734 401 3780 P
412 3732 694 3796 (simodocorpurmujur
726 3742 847 3780 entreceur
860 3734 882 3781 T
895 3733 1053 3794 PpereIIelee.
1086 3739 1088 3744 '

68 3797 93 3844 Τ
110 3796 199 3843 raeoerir
219 3799 313 3857 paribus
334 3797 409 3858 megin
427 3797 502 3842 trnbnt
520 3811 591 3857 qutun
610 3810 693 3854 corpus
757 3796 791 3860 (‘)
810 3801 823 3828 ⁰
840 3800 927 3860 Liquer
945 3801 993 3853 boe,
1005 3798 1047 3844 &c
1084 3798 1147 3846 Nem
1164 3798 1185 3846 ei
1201 3807 1306 3847 centrum
1324 3795 1351 3845 iu

66 3859 148 3906 minus
162 3860 194 3920 P)
211 3860 409 3921 quemadmodum
419 3869 526 3906 centrum
537 3859 653 3919 gravitatis
665 3859 697 3911 0,
730 3861 792 3921 quod
802 3875 886 3921 corpus
898 3861 1054 3922 Sconjunetis
1063 3861 1150 3909 riribtu
1160 3871 1256 3924 urgetur
1266 3861 1352 3909 coinci-

66 3924 164 3984 propius
175 3934 209 3970 est
220 3925 309 3985 corpori
324 3925 346 3970 T
356 3939 427 3985 quam
435 3923 524 3982 corpori
537 3923 572 3980 P;
590 3922 699 3983 pretend
730 3923 795 3971 deret
805 3938 859 3971 cerm
870 3933 949 3972 centro
961 3925 984 3972 0
995 3924 1112 3986 gravium
1122 3926 1241 3973 communi
1252 3925 1352 3973 dnomm

67 3997 179 4034 monente
190 3988 298 4035 &nuntii
311 3989 327 4035 S
340 3989 369 4043 T,
385 3988 419 4032 ris
432 3986 579 4033 acceleretrix
597 3987 698 4047 corporis
728 4002 852 4048 corporum
864 3987 886 4036 P
896 3997 921 4035 et
932 3988 954 4037 T
964 3989 1015 4035 bec
1025 3988 1074 4036 duo
1084 4003 1180 4049 corpore
1191 3989 1245 4036 Pet
1254 3988 1276 4036 T
1285 3988 1353 4049 ellip-

69 4051 88 4098 8
99 4051 179 4098 versus
193 4052 213 4099 P
223 4067 238 4098 e
295 4067 324 4098 ur
334 4050 371 4097 veI
381 4050 526 4106 dIminuitur‚
538 4049 596 4096 dum
607 4049 696 4097 decrer-
728 4066 766 4098 ree
774 4061 894 4099 occurerre
904 4051 997 4099 reoreiur
1009 4051 1164 4101 describerent
1171 4052 1259 4099 circum
1268 4066 1292 4098 ee
1299 4066 1353 4099 mu·

66 4115 100 4162 cit
110 4115 146 4161 rel
158 4116 239 4162 creccit
267 4115 272 4127 '
325 4115 358 4162 tin
370 4115 386 4161 S
399 4114 428 4169 P,
446 4124 470 4160 et
486 4112 592 4160 similiter
608 4112 694 4160 disten·
726 4114 768 4162 tuti
785 4123 811 4162 et
828 4114 918 4162 circum
934 4125 1040 4163 centrum
1056 4115 1116 4163 iilud
1128 4115 1152 4163 0
1172 4117 1224 4179 (per
1236 4114 1313 4162 CoroI.
1327 4119 1351 4163 2.

66 4179 101 4225 tie
114 4180 131 4225 S
143 4179 175 4233 0,
193 4189 293 4241 nugenrr
307 4178 344 4225 rel
362 4177 508 4234 diminuimr,
527 4185 597 4238 prout
615 4176 695 4225 crescit
727 4177 798 4239 Prop.
812 4178 863 4238 58).
899 4179 934 4226 Et
944 4177 1055 4239 prretered
1065 4193 1148 4239 corpur
1161 4179 1177 4226 Β
1189 4193 1217 4225 ex
1228 4177 1276 4224 uni
1289 4186 1354 4238 perte

67 4242 108 4289 vel
118 4242 230 4290 decrescit
242 4243 259 4290 S
269 4243 305 4300 P;
325 4241 405 4296 Quare
415 4241 520 4288 reiectio
530 4240 636 4288 absolun
648 4244 699 4305 (eeu
730 4249 755 4289 et
764 4241 864 4291 duorum
874 4240 973 4289 eliorum
984 4251 1083 4302 symma
1093 4251 1202 4303 tenqurm
1213 4255 1288 4289 unum
1303 4256 1354 4289 cor·

67 4306 128 4367 tote)
147 4306 250 4375 corporis
263 4307 279 4354 S
290 4305 402 4368 quadrato
420 4304 535 4352 distentia
553 4304 570 4351 S
582 4304 606 4352 0
624 4305 699 4378 megin
730 4321 775 4366 pur
784 4305 962 4362 muneram.
972 4306 1016 4352 hoc
1025 4315 1066 4360 ert,
1079 4320 1160 4352 eorum
1168 4319 1292 4353 commune
1299 4320 1353 4368 gre·

67 4369 248 4430 proportionalis
259 4380 293 4417 ert
304 4368 425 4430 reciproce,
437 4383 506 4430 quern
523 4367 635 4430 quadreto
651 4367 698 4415 dis-
729 4368 805 4417 ritutir
815 4379 921 4417 centrum
935 4369 959 4417 0
969 4384 1000 4416 er
1010 4367 1082 4417 elteri
1098 4376 1163 4429 perte
1178 4368 1270 4429 ellipse·
1285 4384 1353 4417 eccu-

66 4434 149 4480 tentin
161 4435 178 4480 8
190 4433 228 4489 T;
254 4433 347 4492 insuper
366 4447 491 4480 commuue
509 4431 627 4494 gravitatis
642 4447 697 4479 cen·
727 4441 789 4480 nter
799 4432 954 4481 describerent
964 4432 1051 4480 circum
1063 4446 1188 4480 commuue
1203 4432 1274 4480 trium
1286 4433 1310 4489 S,
1323 4432 1352 4488 T,

66 4507 132 4544 trum
145 4497 168 4544 0
180 4496 229 4544 t'erd
239 4496 336 4558 spectari
347 4506 421 4556 potest
428 4505 539 4555 tanquam
547 4503 661 4555 punctum
671 4495 696 4541 in
728 4494 751 4544 Ρ
767 4506 876 4544 centrum
894 4495 1012 4559 gravioris
1031 4496 1151 4559 quinem
1166 4499 1219 4570 (per
1231 4496 1308 4545 Corol.
1328 4501 1351 4545 2.

66 4577 114 4624 quo
125 4576 247 4620 corporum
261 4562 283 4608 T
295 4571 317 4608 et
332 4560 352 4608 Ρ
362 4559 421 4607 viror
431 4557 524 4619 physch
535 4558 655 4607 uniuntur.
729 4559 799 4621 Prop.
814 4559 868 4622 ⁵8.)
903 4559 976 4616 erod
985 4559 1063 4609 edbuc
1074 4559 1159 4609 curin·
1168 4558 1319 4625 intelligetur,
1335 4561 1354 4608 ι’

100 4646 161 4692 Vct..
176 4645 196 4691 I.
704 4643 723 4691 2
