3098 5534
183 426 226 484 st
521 414 858 484 PHILOSOPHIAE
881 411 1151 481 NATURALIS
1192 408 1488 491 [Momentum.

679 874 862 950 SECTIO
888 875 960 948 111.

180 1073 242 1145 De
264 1085 358 1147 motu
380 1095 561 1168 corporum
586 1075 705 1169 quibus
727 1075 898 1147 resistitur
908 1075 1039 1169 partim
1054 1075 1090 1147 in
1106 1074 1240 1146 ratione
1261 1073 1474 1161 uelocitatis,

469 1193 603 1287 partim
619 1193 655 1264 in
670 1191 817 1287 eiusdem
832 1193 965 1265 ratione
981 1193 1163 1287 duplicati.

422 1473 705 1542 PROPOSITIO
727 1473 789 1540 XI.
834 1473 1105 1541 THEOREMA
1128 1474 1222 1540 VIII.

177 1664 216 1729 Si
236 1666 357 1746 corpori
376 1666 527 1729 resistitur
542 1668 660 1749 partim
675 1668 709 1730 in
723 1669 842 1732 ratione
855 1670 1027 1745 velocitatis,
1045 1670 1210 1750 partimin
1225 1669 1399 1731 velocitatis
1418 1690 1473 1729 ra·

222 1774 306 1836 tione
319 1772 486 1854 duplicate,
509 1783 539 1837 et
555 1775 633 1837 idem
646 1773 710 1838 sold
724 1775 755 1838 oi
769 1774 863 1839 insitti
877 1776 910 1838 in
923 1777 1018 1838 medio
1031 1776 1162 1838 similari
1175 1785 1325 1837 mouente:
1346 1794 1473 1837 mn·

222 1887 274 1941 tur
287 1887 386 1941 aedem
399 1887 534 1960 tempora
550 1881 584 1942 in
599 1881 809 1963 progressione
829 1880 1023 1945 arithmetici
1027 1915 1043 1954 ,-
1062 1882 1245 1964 quantitates
1259 1882 1473 1945 velocitatibrrs

221 1984 371 2069 reciproci
378 1990 631 2069 proportionales,
648 1987 722 2052 dart
737 1987 866 2072 quedam
876 1992 1046 2072 quontitate
1055 1999 1160 2065 aucta,
1177 1999 1265 2051 errent
1276 1991 1310 2051 in
1319 2010 1472 2074 progres-

91 2086 100 2097 ’
221 2097 305 2159 sione
314 2094 503 2178 geometrici.

224 2283 342 2349 centro
358 2283 396 2362 C,
412 2285 592 2372 esymptotis
607 2287 792 2374 rectengulis
809 2286 875 2352 CA
893 2288 926 2352 D
941 2288 963 2351 d
978 2301 1009 2353 et
1025 2288 1052 2352 C
1069 2288 1115 2364 H,
1138 2287 1333 2351 describatur
1348 2287 1471 2374 hyper-

178 2388 252 2454 boln
267 2391 296 2454 B
312 2392 341 2456 E
355 2414 383 2468 e,
399 2404 620 2478 etasymptoto
636 2393 663 2457 C
681 2393 717 2457 H
732 2394 960 2478 parelleloesint
975 2395 1006 2459 A
1021 2395 1060 2472 Β,
1078 2395 1111 2460 D
1128 2395 1166 2472 E,
1182 2394 1245 2458 de.
1282 2394 1324 2458 In
1339 2418 1470 2481 usjrnp-

178 2507 246 2560 toto
264 2496 292 2560 C
307 2497 340 2561 D
355 2496 469 2561 dentur
483 2511 599 2581 puncta
615 2498 655 2575 Α,
674 2498 724 2562 G:
747 2498 819 2561 etsi

184 2616 307 2689 tempus
328 2619 502 2689 exponetur
516 2627 574 2690 per
589 2627 692 2669 areum
706 2604 819 2690 hyper·

178 2710 313 2775 bolicum
336 2716 368 2776 A
385 2711 414 2776 B
430 2711 507 2776 ΕΙ)
532 2712 724 2777 uniformiter
738 2735 819 2778 cres·

179 2832 317 2894 centem3
339 2819 411 2883 dieo
432 2818 516 2905 quod
539 2820 684 2884 velocitas
704 2821 820 2904 exponi

178 2939 281 3012 potest
295 2949 352 3012 per
373 2929 602 3016 longitudinem
623 2929 709 3006 DF,
732 2930 820 3013 cujus

181 3034 440 3119 reciproceGD
465 3037 526 3101 uni
548 3058 620 3100 cum
641 3035 715 3100 dact
742 3033 819 3099 CG

180 3156 346 3227 componet
360 3143 585 3230 longitudinem
602 3143 629 3207 C
645 3144 678 3208 D
694 3144 727 3205 iu
745 3163 819 3224 pro·

180 3250 339 3337 gressioue
353 3251 541 3336 geometrici
557 3263 753 3313 crescentem.

225 3358 273 3423 Sit
298 3357 378 3422 enim
405 3357 509 3422 ureole
532 3356 566 3421 D
588 3357 686 3421 Eed
712 3357 820 3420 datum
888 3376 911 3428 c
1040 3358 1068 3426 t}
1107 3378 1142 3431 Α

178 3469 327 3554 temporis
353 3469 578 3533 incrementum
608 3465 701 3554 quim
725 3468 816 3531 mini·

178 3596 275 3651 mum,
307 3575 345 3658 (¹)
371 3575 485 3638 eterit
510 3574 580 3639 Dd
602 3572 759 3658 reciproce
783 3586 818 3637 ut

179 3700 212 3764 D
229 3699 267 3777 E,
294 3701 426 3786 idedque
440 3698 556 3766 directi
571 3712 606 3764 ut
628 3699 715 3764 CD.
761 3698 862 3783 ipsius
877 3667 1082 3824 eutemGI-l)
1107 3696 1347 3764 decrementum,
1377 3689 1465 3774 quod

861 2560 888 2607 H

178 3912 219 3996 (b)
236 3915 304 3995 (per
319 3912 410 3997 hujus
427 3913 515 3977 Lem.
532 3912 591 3993 ΙΙ.)
607 3925 654 3976 est
669 3872 799 4039 ἐξ,
823 3910 882 3974 erit
896 3922 930 3972 ut
942 3870 1068 4055 GE&
1090 3929 1142 3970 scu
1166 3863 1411 4048 C-q-Gffi-D,
1432 3901 1466 3963 id

210 4353 245 4418 (¹)
259 4357 271 4381 '
286 4355 318 4402 Et
329 4356 370 4401 ent
379 4355 428 4401 Dd
439 4356 484 4400 reci
492 4353 548 4401 ποῶ
559 4363 585 4402 ut
595 4357 621 4402 D
632 4356 662 4402 E.
691 4354 735 4400 Ea
742 4353 806 4401 enim
838 4351 907 4413 proed
917 4361 944 4399 ut
957 4352 981 4398 D
992 4350 1028 4406 E;
1040 4348 1079 4394 sed
1092 4351 1144 4409 (per
1153 4348 1237 4393 mmor.
1251 4346 1296 4391 tv.
1305 4344 1334 4390 de
1346 4345 1466 4405 timu»)

181 4418 258 4464 areola
276 4432 413 4464 venemens
431 4418 455 4464 D
502 4417 543 4463 ed
558 4417 654 4479 equilis
672 4418 808 4479 rectrngulo
839 4417 919 4464 dnum
936 4427 971 4461 est
987 4413 1149 4473 rectangutum
1168 4414 1187 4457 C
1202 4411 1225 4456 Ι)
1239 4416 1263 4465 )(
1281 4411 1303 4454 D
1318 4410 1348 4462 t),
1366 4411 1468 4466 proinde*-

181 4481 207 4529 D
221 4482 243 4528 E
257 4487 282 4538 ><
298 4481 322 4527 D
333 4480 356 4533 d.
373 4480 445 4541 quod,
463 4485 492 4527 ob
508 4480 590 4527 datum
604 4481 715 4540 temporis
733 4481 806 4527 inere·
841 4482 861 4529 C
876 4481 908 4534 D,
926 4489 960 4524 cst
976 4475 1089 4541 reciproci
1102 4486 1127 4521 ut
1141 4476 1164 4521 D
1178 4475 1200 4520 t:
1208 4493 1215 4530 i
1227 4472 1298 4534 quart·
1308 4474 1352 4518 crit
1366 4473 1391 4518 D
1403 4473 1420 4519 d
1430 4474 1467 4519 di-

179 4555 294 4599 mutum,
306 4546 349 4591 erit
360 4554 386 4589 ut
397 4544 513 4606 quantitas
524 4544 585 4599 deta,
597 4554 620 4590 ct
631 4542 684 4591 idcir
697 4544 756 4600 Du,
773 4555 808 4591 est
839 4543 900 4590 recte
910 4551 937 4588 ut
953 4543 972 4588 C
987 4542 1019 4587 D.

180 4618 207 4655 ut
217 4609 334 4671 quantitas
347 4607 400 4655 deta
410 4607 482 4654 divisa
498 4624 540 4668 per
557 4609 582 4655 D
596 4608 627 4664 E,
646 4607 671 4655 id
687 4618 728 4663 est,
748 4608 806 4655 reci-
871 4606 904 4669 (θ)
918 4611 937 4671 Ἰ
945 4609 991 4655 Per
1001 4605 1071 4665 ittjus
1084 4605 1180 4651 Lemma
1193 4604 1227 4650 11.
1251 4601 1301 4647 cte
1316 4605 1338 4645 4.
