3098 5534
115 395 224 460 uasa
240 394 403 477 paraus]
466 394 708 462 cumcurl
730 394 1099 469 Maruuuarrcn.
1328 347 1392 502 sos

108 575 184 640 inde
198 575 418 660 corpusculum
442 573 555 640 Csolt
570 574 601 649 vi
615 574 706 640 solidi
721 575 802 639 ultra
815 574 991 658 planumO
1013 575 1045 638 K
1060 575 1111 639 siti
1125 574 1265 641 trahitur.
1309 577 1394 643 Haeo

106 695 212 748 autem
226 683 272 746 vis
287 688 358 767 (per
372 703 477 747 casum
490 681 640 766 primum)
667 693 714 747 est
735 680 893 766 reciproce
915 694 951 747 ut
968 681 997 747 C
1013 680 1045 745 K
1060 680 1163 759 ²-⁸‚
1189 679 1251 748 hoc
1265 695 1314 749 est
1336 680 1393 768 (oh

105 790 243 875 aequales
259 789 287 854 C
303 788 345 866 G,
363 788 392 853 C
407 789 454 869 K)
468 788 626 873 reciproce
640 799 676 852 ut
691 786 719 852 C
735 788 766 853 G
781 786 883 851 Μ’.
928 787 971 863 Q.
986 786 1061 851 e.d.

150 899 247 961 corat.
267 907 294 960 1.
319 896 407 967 Hinc
422 897 448 960 si
471 896 604 962 solidum
629 897 707 963 LG
723 897 789 979 IN
810 896 910 981 planis
933 896 1056 962 duobus
1081 895 1210 962 infinitis
1234 896 1391 982 parallelis

106 1008 136 1073 L
153 1008 195 1084 G,
213 1007 229 1071 Ι
245 1007 278 1071 Ν
292 1006 437 1093 utrinque
459 1007 641 1076 terminetur
651 1030 660 1082 3
684 1008 721 1091 (⁸)
735 1005 901 1070 innotescit
921 1006 987 1091 ejus
1009 1005 1056 1069 vis
1078 1004 1248 1084 attractiva,
1273 1003 1390 1081 subdue

103 1113 205 1178 cendo
219 1113 260 1178 de
273 1114 304 1183 vl
319 1113 478 1185 attractivd
494 1112 585 1176 solidi
600 1112 694 1177 totius
708 1112 821 1187 infiniti
836 1112 866 1178 L
882 1112 915 1177 G
927 1111 959 1192 K
970 1112 1002 1178 Ο
1012 1113 1075 1177 vim
1089 1112 1282 1195 attractivam
1292 1113 1390 1198 partis

104 1220 259 1284 ulterioris
275 1220 307 1284 N
322 1220 340 1284 I
357 1219 388 1283 K
405 1218 446 1295 Ο,
462 1220 495 1282 in
510 1219 665 1282 infinitum
679 1242 786 1285 versus
802 1219 834 1283 K
851 1218 1067 1303 Oproductae.

147 1328 244 1391 Corol.
261 1335 291 1390 2.
316 1327 351 1391 si
360 1325 456 1389 solidi
470 1325 563 1411 hujus
577 1324 692 1389 infiniti
705 1347 779 1411 pars
794 1325 934 1404 ulterior,
950 1326 1076 1412 quando
1091 1327 1233 1390 attractio
1248 1327 1313 1413 ejus
1326 1326 1389 1391 col·

100 1432 164 1496 lata
178 1453 250 1505 cum
264 1431 446 1496 attractione
460 1431 558 1514 partis
573 1431 724 1497 citerioris
738 1429 854 1505 nullius
868 1452 950 1523 pene
963 1443 1010 1496 ert
1029 1432 1189 1511 momenti,
1212 1431 1387 1518 rejiciatur:

99 1537 242 1605 attractio
270 1538 368 1622 pertis
396 1535 480 1601 illius
505 1536 656 1605 citerioris
678 1536 822 1625 augendo
848 1535 1024 1609 distendam
1047 1536 1088 1623 (⁶)
1111 1538 1269 1612 decrescet
1292 1559 1388 1624 qum
1463 1562 1469 1576 '

99 1643 244 1730 proximi
258 1645 292 1711 in
307 1643 426 1714 ratione
440 1644 601 1727 potestatis
617 1643 646 1711 C
660 1643 693 1708 G
706 1653 721 1682 ¹·
731 1660 778 1675 ·-
787 1643 810 1707 ⁸.

147 1755 246 1819 Corol.
263 1763 292 1818 3.
317 1752 360 1816 Et
373 1751 447 1815 hinc
462 1752 488 1814 si
503 1773 616 1836 corpus
639 1752 769 1837 quodvis
792 1750 969 1816 finitumst
994 1774 1034 1817 ex
1060 1749 1122 1815 uni
1144 1764 1234 1835 parte
1257 1751 1387 1836 planum

101 1859 205 1924 trahat
219 1857 437 1943 corpusculum
451 1880 469 1921 e
483 1858 610 1944 regione
625 1856 720 1921 medii
734 1857 815 1922 illius
828 1857 924 1943 plani,
941 1870 973 1922 et
986 1857 1133 1925 distantia
1153 1858 1235 1927 inter
1257 1878 1387 1942 corpus-

101 1965 208 2034 culum
223 1976 255 2028 et
267 1963 397 2048 planum
411 1961 524 2028 collata
538 1983 609 2027 cum
618 1960 862 2027 dimensionibus
873 1963 1012 2048 corporis
1023 1961 1204 2028 attrahentis
1215 1963 1386 2051 perexigua

100 2072 150 2148 sit,
177 2080 297 2135 constet
322 2079 427 2132 autem
451 2088 565 2151 corpus
590 2066 747 2132 attrahens
772 2090 813 2132 ex
837 2067 995 2153 particulis
1017 2064 1231 2155 homogeneis,
1253 2090 1385 2154 quarum

100 2177 181 2239 vires
197 2173 366 2241 attractivae
381 2171 565 2237 decrescunt
578 2173 611 2236 in
627 2173 745 2238 ratione
766 2174 925 2257 potestatis
946 2173 1079 2259 cujusvis
1099 2173 1265 2259 plusquam
1286 2174 1385 2261 quad·

98 2283 258 2365 ruplicatae
272 2281 488 2349 distantiarum
496 2305 505 2358 ;
529 2281 574 2345 vis
589 2281 749 2347 attractiva
764 2281 903 2365 corporis
918 2281 1012 2346 totius
1026 2281 1185 2345 decrescet
1195 2302 1384 2367 quamprox-

97 2387 160 2452 ime
174 2389 208 2450 in
223 2388 341 2457 ratione
355 2389 524 2473 potcstatis,
541 2389 628 2479 cujus
643 2387 723 2460 latus
738 2389 778 2454 sit
792 2388 937 2463 distentia
957 2389 1011 2454 illa
1030 2391 1212 2478 perexigua,
1235 2402 1267 2455 et
1287 2389 1384 2456 index

98 2495 234 2560 ternario
249 2495 352 2563 minor
367 2517 459 2581 quam
474 2495 570 2559 index
583 2496 743 2579 potestatis
764 2495 887 2580 prioris.
932 2495 985 2561 De
1006 2517 1139 2581 corpore
1159 2518 1202 2561 cx
1223 2496 1383 2580 particulis
1487 2562 1493 2573 ,

97 2612 266 2677 constante,
283 2622 415 2687 quarum
429 2601 510 2665 vires
524 2602 695 2675 attractiva
709 2600 893 2671 decrescunt
905 2601 939 2665 in
960 2602 1080 2667 ratione
1101 2603 1261 2687 potestatis
1282 2602 1383 2688 tn'pli·
1488 2660 1494 2672 .

97 2722 174 2774 eatae
189 2710 414 2787 distantianun,
437 2711 566 2775 assertio
585 2732 650 2774 non
664 2711 765 2787 valet3
786 2723 952 2797 propterea
973 2711 1068 2797 quod,
1091 2711 1124 2775 in
1145 2711 1207 2785 hcc
1227 2734 1312 2792 casu,
1335 2726 1382 2779 at·

95 2817 207 2885 tractio
221 2816 318 2900 partis
332 2817 416 2889 illius
431 2816 587 2887 ulterioris
602 2818 741 2911 corporis
755 2816 869 2882 infiniti
883 2817 917 2881 in
932 2816 1108 2883 Corollaria
1128 2818 1275 2923 secundo,
1298 2842 1382 2887 sem·

95 2945 152 3007 per
166 2935 212 2987 cst
229 2922 348 2988 infinite
363 2923 463 3008 major
477 2944 571 3009 quam
585 2924 727 2988 attractio
742 2923 838 3008 partis
852 2922 1012 2989 citerioris.

657 3174 812 3243 aazias

137 3324 173 3389 si
187 3345 301 3410 corpus
317 3325 442 3412 aliquod
456 3327 753 3412 perpendiculariter
765 3348 873 3394 versus
894 3327 1023 3412 planum
1044 3328 1151 3394 datum
1173 3331 1324 3409 uebatur,
1347 3344 1381 3397 et

92 3451 132 3495 ex
154 3429 226 3496 dati
251 3431 321 3519 lege
347 3432 538 3498 attractionis
564 3446 722 3520 queratur
744 3446 848 3503 motus
873 3435 1032 3520 corporis:
1055 3435 1191 3507 solvatur
1214 3438 1379 3524 problema

90 3640 600 3768 wssmfflffiffgffl
617 3646 714 3760 iffi
746 3659 1373 3783 stanacemcrmanffiJ-„ff

90 3779 1374 3921 namvmnopmsuaaasur-c-Gffimaramermpeeuamrac—Gfflz-,a

89 3945 406 4001 „suracusasnr
427 3950 486 4002 no
514 3920 711 4004 trs-L..
745 3992 752 4005 .
792 3928 1371 4008 ldnffltflvvqmdtvuamrm·

486 3986 494 4010 ’
560 3995 703 4107 ⁰¹'i'³
743 3944 1371 4121 Ki'fflffiffiffwfflss

1167 4080 1203 4110 =
1236 4083 1246 4127 3
1286 4084 1327 4117 m

93 4085 705 4162 QuaestueaioalidiLGIN,eeur—,—
743 4158 861 4207 mm
947 4129 956 4170 Ι
1039 4180 1076 4210 ²
1115 4129 1125 4171 1
1181 4165 1266 4232 ideoqu
1298 4172 1369 4224 ΜΗ

876 4187 1031 4247 cnr-7
1085 4189 1162 4252 cn·
1267 4186 1281 4219 ⁶

575 4136 629 4185 CG
655 4141 712 4177 ···³

769 4297 776 4310 .
863 4264 874 4310 1

120 4369 155 4432 (⁶)
174 4375 187 4402 '
205 4376 323 4423 Decrescet
413 4377 573 4438 prasiana
599 4381 712 4432 vuarim
743 4303 1370 4415 Qmffi⁶⁸¹¹mssul¹¹mlfflxcnd⁸⁹

89 4434 215 4545 atuscpivs,
245 4439 265 4484 ri
295 4393 525 4549 corddgminfinitum
554 4447 590 4504 sit,
625 4455 660 4495 est
686 4456 714 4496 ut
743 4402 1370 4533 Qmssffifflnffmoflssffiffg

701 4679 771 4726 (Ζεῦ
