<?xml version="1.0" encoding="UTF-8"?>
<!DOCTYPE html PUBLIC "-//W3C//DTD XHTML 1.0 Transitional//EN"
    "http://www.w3.org/TR/xhtml1/DTD/xhtml1-transitional.dtd">
<html xmlns="http://www.w3.org/1999/xhtml" xml:lang="en" lang="en">
 <head>
  <title>
</title>
<meta http-equiv="Content-Type" content="text/html;charset=utf-8" />
  <meta name='ocr-system' content='tesseract 3.04.00' />
  <meta name='ocr-capabilities' content='ocr_page ocr_carea ocr_par ocr_line ocrx_word'/>
</head>
<body>
  <div class='ocr_page' id='page_1' title='image "./philosophinatur01newtgoog/philosophinatur01newtgoog_0030.png"; bbox 0 0 3098 5534; ppageno 0'>
   <div class='ocr_carea' id='block_1_1' title="bbox 652 353 1425 420">
    <p class='ocr_par' dir='ltr' id='par_1_1' title="bbox 652 353 1425 420">
     <span class='ocr_line' id='line_1_1' title="bbox 652 353 1425 420; baseline 0 0"><span class='ocrx_word' id='word_1_1' title='bbox 652 353 915 420; x_wconf 76' lang='lat' dir='ltr'><strong>PnAErATIO.</strong></span> <span class='ocrx_word' id='word_1_2' title='bbox 1353 368 1425 420; x_wconf 80' lang='lat' dir='ltr'><strong>&#39;xxv</strong></span> 
     </span>
    </p>
   </div>
   <div class='ocr_carea' id='block_1_2' title="bbox 124 527 1542 615">
    <p class='ocr_par' dir='ltr' id='par_1_2' title="bbox 124 527 1542 615">
     <span class='ocr_line' id='line_1_2' title="bbox 124 527 1542 615; baseline 0.004 -24"><span class='ocrx_word' id='word_1_3' title='bbox 124 527 275 591; x_wconf 74' lang='lat' dir='ltr'><strong>stituatm</strong></span> <span class='ocrx_word' id='word_1_4' title='bbox 292 539 398 592; x_wconf 90' lang='lat' dir='ltr'><strong>motus</strong></span> <span class='ocrx_word' id='word_1_5' title='bbox 420 529 562 593; x_wconf 87' lang='lat' dir='ltr'><strong>amissus.</strong></span> <span class='ocrx_word' id='word_1_6' title='bbox 598 528 684 594; x_wconf 63' lang='lat' dir='ltr'><strong>&#39;Hoc</strong></span> <span class='ocrx_word' id='word_1_7' title='bbox 705 543 810 595; x_wconf 79' lang='lat' dir='ltr'><strong>autem</strong></span> <span class='ocrx_word' id='word_1_8' title='bbox 832 529 895 594; x_wconf 92' lang='lat' dir='ltr'><strong>dici</strong></span> <span class='ocrx_word' id='word_1_9' title='bbox 923 550 989 595; x_wconf 91' lang='lat' dir='ltr'><strong>non</strong></span> <span class='ocrx_word' id='word_1_10' title='bbox 1009 531 1136 615; x_wconf 89' lang='lat' dir='ltr'><strong>poterit,</strong></span> <span class='ocrx_word' id='word_1_11' title='bbox 1167 529 1227 597; x_wconf 89' lang='lat' dir='ltr'><strong>nisi</strong></span> <span class='ocrx_word' id='word_1_12' title='bbox 1256 530 1426 615; x_wconf 74' lang='lat' dir='ltr'>impressio</span> <span class='ocrx_word' id='word_1_13' title='bbox 1540 546 1542 554; x_wconf 88' lang='lat'>&#39;</span> 
     </span>
    </p>
   </div>
   <div class='ocr_carea' id='block_1_3' title="bbox 95 637 1493 4639">
    <p class='ocr_par' dir='ltr' id='par_1_3' title="bbox 95 637 1427 2784">
     <span class='ocr_line' id='line_1_3' title="bbox 122 637 1425 726; baseline 0.004 -25"><span class='ocrx_word' id='word_1_14' title='bbox 122 637 212 702; x_wconf 80' lang='lat' dir='ltr'><strong>fluidi</strong></span> <span class='ocrx_word' id='word_1_15' title='bbox 234 638 269 701; x_wconf 89' lang='lat' dir='ltr'><strong>in</strong></span> <span class='ocrx_word' id='word_1_16' title='bbox 290 660 406 724; x_wconf 80' lang='lat' dir='ltr'><strong>corpus</strong></span> <span class='ocrx_word' id='word_1_17' title='bbox 427 639 470 704; x_wconf 86' lang='lat' dir='ltr'><strong>ad</strong></span> <span class='ocrx_word' id='word_1_18' title='bbox 490 650 596 725; x_wconf 81' lang='lat' dir='ltr'><strong>partes</strong></span> <span class='ocrx_word' id='word_1_19' title='bbox 609 640 746 724; x_wconf 76' lang='lat' dir='ltr'><strong>posticas</strong></span> <span class='ocrx_word' id='word_1_20' title='bbox 761 639 891 726; x_wconf 82' lang='lat' dir='ltr'><strong>aeqnnlis</strong></span> <span class='ocrx_word' id='word_1_21' title='bbox 905 638 1000 704; x_wconf 84' lang='lat' dir='ltr'><strong>lirerit</strong></span> <span class='ocrx_word' id='word_1_22' title='bbox 1014 640 1213 724; x_wconf 75' lang='lat' dir='ltr'><strong>impressioni</strong></span> <span class='ocrx_word' id='word_1_23' title='bbox 1227 640 1367 726; x_wconf 87' lang='lat' dir='ltr'><strong>corporis</strong></span> <span class='ocrx_word' id='word_1_24' title='bbox 1388 639 1425 705; x_wconf 90' lang='lat' dir='ltr'><strong>in</strong></span> 
     </span>
     <span class='ocr_line' id='line_1_4' title="bbox 123 745 1425 834; baseline 0.002 -24"><span class='ocrx_word' id='word_1_25' title='bbox 123 745 257 812; x_wconf 84' lang='lat' dir='ltr'><strong>fluidum</strong></span> <span class='ocrx_word' id='word_1_26' title='bbox 271 747 314 812; x_wconf 90' lang='lat' dir='ltr'><strong>ad</strong></span> <span class='ocrx_word' id='word_1_27' title='bbox 327 762 434 832; x_wconf 86' lang='lat' dir='ltr'><strong>partes</strong></span> <span class='ocrx_word' id='word_1_28' title='bbox 456 748 585 825; x_wconf 74' lang='lat' dir='ltr'><strong>anticas,</strong></span> <span class='ocrx_word' id='word_1_29' title='bbox 605 747 667 812; x_wconf 88' lang='lat' dir='ltr'><strong>hoc</strong></span> <span class='ocrx_word' id='word_1_30' title='bbox 689 761 746 825; x_wconf 86' lang='lat' dir='ltr'><strong>est,</strong></span> <span class='ocrx_word' id='word_1_31' title='bbox 771 748 830 811; x_wconf 87' lang='lat' dir='ltr'><strong>nisi</strong></span> <span class='ocrx_word' id='word_1_32' title='bbox 844 747 991 813; x_wconf 76' lang='lat' dir='ltr'><strong>velocitas</strong></span> <span class='ocrx_word' id='word_1_33' title='bbox 1006 746 1135 812; x_wconf 80' lang='lat' dir='ltr'><strong>relative</strong></span> <span class='ocrx_word' id='word_1_34' title='bbox 1150 748 1211 834; x_wconf 72' lang='lat' dir='ltr'><strong>quir</strong></span> <span class='ocrx_word' id='word_1_35' title='bbox 1225 746 1359 812; x_wconf 84' lang='lat' dir='ltr'><strong>fluidum</strong></span> <span class='ocrx_word' id='word_1_36' title='bbox 1379 748 1425 812; x_wconf 90' lang='lat' dir='ltr'><strong>ir·</strong></span> 
     </span>
     <span class='ocr_line' id='line_1_5' title="bbox 124 850 1423 941; baseline 0.003 -26"><span class='ocrx_word' id='word_1_37' title='bbox 124 850 186 915; x_wconf 85' lang='lat' dir='ltr'><strong>mit</strong></span> <span class='ocrx_word' id='word_1_38' title='bbox 198 851 234 914; x_wconf 87' lang='lat' dir='ltr'><strong>in</strong></span> <span class='ocrx_word' id='word_1_39' title='bbox 248 874 366 937; x_wconf 81' lang='lat' dir='ltr'><strong>corpus</strong></span> <span class='ocrx_word' id='word_1_40' title='bbox 380 877 401 916; x_wconf 82' lang='lat' dir='ltr'><strong>a</strong></span> <span class='ocrx_word' id='word_1_41' title='bbox 410 867 511 941; x_wconf 81' lang='lat' dir='ltr'><strong>tergo,</strong></span> <span class='ocrx_word' id='word_1_42' title='bbox 523 853 653 938; x_wconf 72' lang='lat' dir='ltr'><strong>equalis</strong></span> <span class='ocrx_word' id='word_1_43' title='bbox 661 853 757 919; x_wconf 85' lang='lat' dir='ltr'><strong>fuerit</strong></span> <span class='ocrx_word' id='word_1_44' title='bbox 767 853 924 918; x_wconf 74' lang='lat' dir='ltr'><strong>velocitati</strong></span> <span class='ocrx_word' id='word_1_45' title='bbox 935 851 997 939; x_wconf 79' lang='lat' dir='ltr'><strong>quis</strong></span> <span class='ocrx_word' id='word_1_46' title='bbox 1009 874 1124 937; x_wconf 84' lang='lat' dir='ltr'><strong>corpus</strong></span> <span class='ocrx_word' id='word_1_47' title='bbox 1133 854 1225 918; x_wconf 88' lang='lat' dir='ltr'><strong>irruit</strong></span> <span class='ocrx_word' id='word_1_48' title='bbox 1234 855 1268 917; x_wconf 88' lang='lat' dir='ltr'><strong>ia</strong></span> <span class='ocrx_word' id='word_1_49' title='bbox 1278 853 1423 930; x_wconf 85' lang='lat' dir='ltr'><strong>fluidum,</strong></span> 
     </span>
     <span class='ocr_line' id='line_1_6' title="bbox 122 957 1424 1047; baseline -0.001 -25"><span class='ocrx_word' id='word_1_50' title='bbox 122 957 155 1022; x_wconf 86' lang='lat' dir='ltr'><strong>id</strong></span> <span class='ocrx_word' id='word_1_51' title='bbox 169 972 230 1034; x_wconf 84' lang='lat' dir='ltr'><strong>est,</strong></span> <span class='ocrx_word' id='word_1_52' title='bbox 253 959 318 1023; x_wconf 86' lang='lat' dir='ltr'><strong>nisi</strong></span> <span class='ocrx_word' id='word_1_53' title='bbox 331 959 480 1024; x_wconf 81' lang='lat' dir='ltr'><strong>velocitas</strong></span> <span class='ocrx_word' id='word_1_54' title='bbox 502 960 645 1025; x_wconf 84' lang='lat' dir='ltr'><strong>absolata</strong></span> <span class='ocrx_word' id='word_1_55' title='bbox 664 960 755 1026; x_wconf 85' lang='lat' dir='ltr'><strong>fluidi</strong></span> <span class='ocrx_word' id='word_1_56' title='bbox 776 961 965 1025; x_wconf 85' lang='lat' dir='ltr'><strong>recurrentis</strong></span> <span class='ocrx_word' id='word_1_57' title='bbox 980 959 1079 1044; x_wconf 89' lang='lat' dir='ltr'><strong>duplo</strong></span> <span class='ocrx_word' id='word_1_58' title='bbox 1094 961 1200 1045; x_wconf 80' lang='lat' dir='ltr'><strong>major</strong></span> <span class='ocrx_word' id='word_1_59' title='bbox 1220 958 1314 1026; x_wconf 74' lang='lat' dir='ltr'><strong>firerit</strong></span> <span class='ocrx_word' id='word_1_60' title='bbox 1326 982 1424 1047; x_wconf 64' lang='lat' dir='ltr'><strong>quam,</strong></span> 
     </span>
     <span class='ocr_line' id='line_1_7' title="bbox 125 1065 1425 1154; baseline 0.004 -26"><span class='ocrx_word' id='word_1_61' title='bbox 125 1065 273 1131; x_wconf 78' lang='lat' dir='ltr'><strong>velocitas</strong></span> <span class='ocrx_word' id='word_1_62' title='bbox 288 1067 433 1131; x_wconf 82' lang='lat' dir='ltr'><strong>absoluta</strong></span> <span class='ocrx_word' id='word_1_63' title='bbox 446 1067 536 1131; x_wconf 83' lang='lat' dir='ltr'><strong>fluidi</strong></span> <span class='ocrx_word' id='word_1_64' title='bbox 550 1066 712 1152; x_wconf 77' lang='lat' dir='ltr'><strong>propulsi3</strong></span> <span class='ocrx_word' id='word_1_65' title='bbox 734 1065 820 1153; x_wconf 90' lang='lat' dir='ltr'><strong>quod</strong></span> <span class='ocrx_word' id='word_1_66' title='bbox 841 1066 911 1131; x_wconf 85' lang='lat' dir='ltr'><strong>fieri</strong></span> <span class='ocrx_word' id='word_1_67' title='bbox 925 1067 1042 1151; x_wconf 82' lang='lat' dir='ltr'><strong>nequit.</strong></span> <span class='ocrx_word' id='word_1_68' title='bbox 1089 1066 1187 1131; x_wconf 91' lang='lat' dir='ltr'><strong>Nullo</strong></span> <span class='ocrx_word' id='word_1_69' title='bbox 1208 1067 1304 1154; x_wconf 78' lang='lat' dir='ltr'><strong>igitur</strong></span> <span class='ocrx_word' id='word_1_70' title='bbox 1325 1068 1425 1133; x_wconf 89' lang='lat' dir='ltr'><strong>modo</strong></span> 
     </span>
     <span class='ocr_line' id='line_1_8' title="bbox 125 1173 1425 1262; baseline 0.001 -23"><span class='ocrx_word' id='word_1_71' title='bbox 125 1175 190 1239; x_wconf 90' lang='lat' dir='ltr'><strong>tolli</strong></span> <span class='ocrx_word' id='word_1_72' title='bbox 204 1184 314 1260; x_wconf 84' lang='lat' dir='ltr'><strong>potest</strong></span> <span class='ocrx_word' id='word_1_73' title='bbox 327 1175 498 1240; x_wconf 79' lang='lat' dir='ltr'><strong>fluidorum</strong></span> <span class='ocrx_word' id='word_1_74' title='bbox 512 1176 696 1253; x_wconf 86' lang='lat' dir='ltr'><strong>resistentia,</strong></span> <span class='ocrx_word' id='word_1_75' title='bbox 719 1198 792 1262; x_wconf 88' lang='lat' dir='ltr'><strong>quae</strong></span> <span class='ocrx_word' id='word_1_76' title='bbox 807 1175 907 1239; x_wconf 87' lang='lat' dir='ltr'><strong>oritur</strong></span> <span class='ocrx_word' id='word_1_77' title='bbox 921 1175 962 1239; x_wconf 90' lang='lat' dir='ltr'><strong>ab</strong></span> <span class='ocrx_word' id='word_1_78' title='bbox 977 1173 1149 1253; x_wconf 86' lang='lat' dir='ltr'><strong>eorundem</strong></span> <span class='ocrx_word' id='word_1_79' title='bbox 1164 1173 1316 1240; x_wconf 87' lang='lat' dir='ltr'><strong>densitate</strong></span> <span class='ocrx_word' id='word_1_80' title='bbox 1336 1187 1370 1240; x_wconf 88' lang='lat' dir='ltr'><strong>et</strong></span> <span class='ocrx_word' id='word_1_81' title='bbox 1390 1176 1425 1240; x_wconf 86' lang='lat' dir='ltr'><strong>vi</strong></span> 
     </span>
     <span class='ocr_line' id='line_1_9' title="bbox 124 1281 1426 1370; baseline -0.001 -21"><span class='ocrx_word' id='word_1_82' title='bbox 124 1284 255 1349; x_wconf 72' lang='lat' dir='ltr'><strong>bestie.</strong></span> <span class='ocrx_word' id='word_1_83' title='bbox 301 1285 414 1370; x_wconf 88' lang='lat' dir='ltr'><strong>Itaque</strong></span> <span class='ocrx_word' id='word_1_84' title='bbox 428 1283 680 1350; x_wconf 89' lang='lat' dir='ltr'><strong>concludendum</strong></span> <span class='ocrx_word' id='word_1_85' title='bbox 694 1284 770 1360; x_wconf 82' lang='lat' dir='ltr'><strong>erit3</strong></span> <span class='ocrx_word' id='word_1_86' title='bbox 787 1283 882 1348; x_wconf 68' lang='lat' dir='ltr'><strong>&#39;fluidi</strong></span> <span class='ocrx_word' id='word_1_87' title='bbox 896 1282 1031 1348; x_wconf 86' lang='lat' dir='ltr'><strong>ooelestis</strong></span> <span class='ocrx_word' id='word_1_88' title='bbox 1045 1281 1164 1347; x_wconf 88' lang='lat' dir='ltr'><strong>nullam</strong></span> <span class='ocrx_word' id='word_1_89' title='bbox 1179 1305 1246 1347; x_wconf 85' lang='lat' dir='ltr'><strong>esse</strong></span> <span class='ocrx_word' id='word_1_90' title='bbox 1264 1284 1328 1348; x_wconf 80' lang='lat' dir='ltr'><strong>vim</strong></span> <span class='ocrx_word' id='word_1_91' title='bbox 1337 1283 1426 1348; x_wconf 79' lang='lat' dir='ltr'><strong>ineu·</strong></span> 
     </span>
     <span class='ocr_line' id='line_1_10' title="bbox 125 1390 1426 1477; baseline -0.002 -21"><span class='ocrx_word' id='word_1_92' title='bbox 125 1393 185 1471; x_wconf 67' lang='lat' dir='ltr'><strong>tn,</strong></span> <span class='ocrx_word' id='word_1_93' title='bbox 201 1391 278 1456; x_wconf 84' lang='lat' dir='ltr'><strong>crim</strong></span> <span class='ocrx_word' id='word_1_94' title='bbox 291 1392 382 1456; x_wconf 89' lang='lat' dir='ltr'><strong>nulla</strong></span> <span class='ocrx_word' id='word_1_95' title='bbox 395 1392 436 1457; x_wconf 88' lang='lat' dir='ltr'><strong>sit</strong></span> <span class='ocrx_word' id='word_1_96' title='bbox 450 1393 496 1456; x_wconf 82' lang='lat' dir='ltr'><strong>vis</strong></span> <span class='ocrx_word' id='word_1_97' title='bbox 514 1393 696 1457; x_wconf 85' lang='lat' dir='ltr'><strong>resistendi:</strong></span> <span class='ocrx_word' id='word_1_98' title='bbox 718 1391 838 1456; x_wconf 92' lang='lat' dir='ltr'><strong>nullam</strong></span> <span class='ocrx_word' id='word_1_99' title='bbox 852 1413 921 1456; x_wconf 88' lang='lat' dir='ltr'><strong>esse</strong></span> <span class='ocrx_word' id='word_1_100' title='bbox 935 1391 997 1455; x_wconf 85' lang='lat' dir='ltr'><strong>vim</strong></span> <span class='ocrx_word' id='word_1_101' title='bbox 1013 1390 1076 1477; x_wconf 81' lang='lat' dir='ltr'><strong>quai</strong></span> <span class='ocrx_word' id='word_1_102' title='bbox 1089 1403 1193 1455; x_wconf 89' lang='lat' dir='ltr'><strong>motus</strong></span> <span class='ocrx_word' id='word_1_103' title='bbox 1212 1390 1426 1455; x_wconf 86' lang='lat' dir='ltr'><strong>communice-</strong></span> 
     </span>
     <span class='ocr_line' id='line_1_11' title="bbox 95 1499 1425 1588; baseline -0.004 -18"><span class='ocrx_word' id='word_1_104' title='bbox 95 1567 100 1570; x_wconf 83' lang='grc'><strong>,</strong></span> <span class='ocrx_word' id='word_1_105' title='bbox 124 1512 185 1576; x_wconf 85' lang='lat' dir='ltr'><strong>tar,</strong></span> <span class='ocrx_word' id='word_1_106' title='bbox 207 1499 285 1566; x_wconf 81' lang='lat' dir='ltr'><strong>crim</strong></span> <span class='ocrx_word' id='word_1_107' title='bbox 306 1501 396 1565; x_wconf 80' lang='lat' dir='ltr'><strong>nulla</strong></span> <span class='ocrx_word' id='word_1_108' title='bbox 409 1501 450 1565; x_wconf 90' lang='lat' dir='ltr'><strong>sit</strong></span> <span class='ocrx_word' id='word_1_109' title='bbox 464 1502 509 1566; x_wconf 86' lang='lat' dir='ltr'><strong>vis</strong></span> <span class='ocrx_word' id='word_1_110' title='bbox 524 1502 662 1566; x_wconf 81' lang='lat' dir='ltr'><strong>inertiae:</strong></span> <span class='ocrx_word' id='word_1_111' title='bbox 685 1502 806 1566; x_wconf 73' lang='lat' dir='ltr'><strong>nullam</strong></span> <span class='ocrx_word' id='word_1_112' title='bbox 821 1524 889 1567; x_wconf 89' lang='lat' dir='ltr'><strong>esse</strong></span> <span class='ocrx_word' id='word_1_113' title='bbox 902 1501 965 1566; x_wconf 82' lang='lat' dir='ltr'><strong>rim</strong></span> <span class='ocrx_word' id='word_1_114' title='bbox 980 1499 1043 1587; x_wconf 77' lang='lat' dir='ltr'><strong>qui</strong></span> <span class='ocrx_word' id='word_1_115' title='bbox 1056 1501 1188 1566; x_wconf 87' lang='lat' dir='ltr'><strong>mutatio</strong></span> <span class='ocrx_word' id='word_1_116' title='bbox 1203 1500 1350 1588; x_wconf 84' lang='lat' dir='ltr'><strong>quaelibet</strong></span> <span class='ocrx_word' id='word_1_117' title='bbox 1370 1499 1425 1565; x_wconf 81' lang='lat' dir='ltr'><strong>rol</strong></span> 
     </span>
     <span class='ocr_line' id='line_1_12' title="bbox 125 1605 1426 1700; baseline 0.001 -28"><span class='ocrx_word' id='word_1_118' title='bbox 125 1607 310 1692; x_wconf 73' lang='lat' dir='ltr'><strong>ccqmribus</strong></span> <span class='ocrx_word' id='word_1_119' title='bbox 334 1609 465 1695; x_wconf 77' lang='lat' dir='ltr'><strong>singulis</strong></span> <span class='ocrx_word' id='word_1_120' title='bbox 485 1608 536 1672; x_wconf 81' lang='lat' dir='ltr'><strong>vel</strong></span> <span class='ocrx_word' id='word_1_121' title='bbox 553 1609 698 1700; x_wconf 86' lang='lat' dir='ltr'><strong>pluribus</strong></span> <span class='ocrx_word' id='word_1_122' title='bbox 715 1608 892 1687; x_wconf 87' lang='lat' dir='ltr'><strong>inducatur,</strong></span> <span class='ocrx_word' id='word_1_123' title='bbox 916 1605 989 1673; x_wconf 85' lang='lat' dir='ltr'><strong>edm</strong></span> <span class='ocrx_word' id='word_1_124' title='bbox 1011 1607 1098 1673; x_wconf 83' lang='lat' dir='ltr'><strong>nulla</strong></span> <span class='ocrx_word' id='word_1_125' title='bbox 1115 1609 1154 1673; x_wconf 90' lang='lat' dir='ltr'><strong>sit</strong></span> <span class='ocrx_word' id='word_1_126' title='bbox 1172 1609 1219 1673; x_wconf 81' lang='lat' dir='ltr'><strong>vis</strong></span> <span class='ocrx_word' id='word_1_127' title='bbox 1239 1607 1301 1696; x_wconf 79' lang='lat' dir='ltr'><strong>qud</strong></span> <span class='ocrx_word' id='word_1_128' title='bbox 1315 1619 1426 1674; x_wconf 77' lang='lat' dir='ltr'><strong>motus</strong></span> 
     </span>
     <span class='ocr_line' id='line_1_13' title="bbox 125 1715 1426 1795; baseline 0.004 -16"><span class='ocrx_word' id='word_1_129' title='bbox 125 1715 393 1792; x_wconf 66' lang='lat' dir='ltr'><strong>sommumcetun</strong></span> <span class='ocrx_word' id='word_1_130' title='bbox 414 1715 535 1779; x_wconf 90' lang='lat' dir='ltr'><strong>nullam</strong></span> <span class='ocrx_word' id='word_1_131' title='bbox 548 1733 618 1783; x_wconf 81' lang='lat' dir='ltr'><strong>esse</strong></span> <span class='ocrx_word' id='word_1_132' title='bbox 632 1715 762 1781; x_wconf 77' lang='lat' dir='ltr'><strong>omniuo</strong></span> <span class='ocrx_word' id='word_1_133' title='bbox 772 1716 951 1795; x_wconf 87' lang='lat' dir='ltr'><strong>efficaciam,</strong></span> <span class='ocrx_word' id='word_1_134' title='bbox 967 1738 1041 1782; x_wconf 89' lang='lat' dir='ltr'><strong>cum</strong></span> <span class='ocrx_word' id='word_1_135' title='bbox 1050 1717 1138 1782; x_wconf 89' lang='lat' dir='ltr'><strong>nulla</strong></span> <span class='ocrx_word' id='word_1_136' title='bbox 1151 1718 1193 1782; x_wconf 90' lang='lat' dir='ltr'><strong>sit</strong></span> <span class='ocrx_word' id='word_1_137' title='bbox 1205 1717 1336 1783; x_wconf 72' lang='lat' dir='ltr'><strong>facultas</strong></span> <span class='ocrx_word' id='word_1_138' title='bbox 1349 1741 1426 1784; x_wconf 84' lang='lat' dir='ltr'><strong>mu·</strong></span> 
     </span>
     <span class='ocr_line' id='line_1_14' title="bbox 130 1824 1422 1915; baseline 0.004 -27"><span class='ocrx_word' id='word_1_139' title='bbox 130 1824 282 1888; x_wconf 59' lang='lat' dir='ltr'><strong>umbem</strong></span> <span class='ocrx_word' id='word_1_140' title='bbox 296 1824 470 1911; x_wconf 79' lang='lat' dir='ltr'><strong>quamlibet</strong></span> <span class='ocrx_word' id='word_1_141' title='bbox 483 1825 662 1890; x_wconf 85' lang='lat' dir='ltr'><strong>inducendi.</strong></span> <span class='ocrx_word' id='word_1_142' title='bbox 715 1825 837 1903; x_wconf 87' lang='lat' dir='ltr'><strong>Quidni</strong></span> <span class='ocrx_word' id='word_1_143' title='bbox 856 1849 933 1915; x_wconf 81' lang='lat' dir='ltr'><strong>ergo</strong></span> <span class='ocrx_word' id='word_1_144' title='bbox 949 1825 1033 1891; x_wconf 83' lang='lat' dir='ltr'><strong>hanc</strong></span> <span class='ocrx_word' id='word_1_145' title='bbox 1045 1826 1245 1914; x_wconf 74' lang='lat' dir='ltr'><strong>hypothesin,</strong></span> <span class='ocrx_word' id='word_1_146' title='bbox 1261 1849 1333 1913; x_wconf 83' lang='lat' dir='ltr'><strong>quae</strong></span> <span class='ocrx_word' id='word_1_147' title='bbox 1347 1825 1422 1893; x_wconf 87' lang='lat' dir='ltr'><strong>fun·</strong></span> 
     </span>
     <span class='ocr_line' id='line_1_15' title="bbox 125 1931 1425 2020; baseline 0 -23"><span class='ocrx_word' id='word_1_148' title='bbox 125 1932 275 1997; x_wconf 63' lang='lat' dir='ltr'><strong>&amp;mento</strong></span> <span class='ocrx_word' id='word_1_149' title='bbox 287 1932 382 2017; x_wconf 70' lang='lat' dir='ltr'><strong>plani</strong></span> <span class='ocrx_word' id='word_1_150' title='bbox 396 1933 585 2011; x_wconf 77' lang='lat' dir='ltr'><strong>destituitur,</strong></span> <span class='ocrx_word' id='word_1_151' title='bbox 601 1956 734 2020; x_wconf 82' lang='lat' dir='ltr'><strong>quaeque</strong></span> <span class='ocrx_word' id='word_1_152' title='bbox 747 1947 868 1999; x_wconf 83' lang='lat' dir='ltr'><strong>uaturoe</strong></span> <span class='ocrx_word' id='word_1_153' title='bbox 879 1956 984 1999; x_wconf 88' lang='lat' dir='ltr'><strong>rerum</strong></span> <span class='ocrx_word' id='word_1_154' title='bbox 995 1933 1192 2019; x_wconf 79' lang='lat' dir='ltr'><strong>explicsndae</strong></span> <span class='ocrx_word' id='word_1_155' title='bbox 1201 1956 1241 1998; x_wconf 91' lang='lat' dir='ltr'><strong>ue</strong></span> <span class='ocrx_word' id='word_1_156' title='bbox 1252 1931 1425 1998; x_wconf 83' lang='lat' dir='ltr'><strong>minimdnr</strong></span> 
     </span>
     <span class='ocr_line' id='line_1_16' title="bbox 124 2026 1423 2131; baseline 0.002 -28"><span class='ocrx_word' id='word_1_157' title='bbox 124 2026 252 2124; x_wconf 69' lang='lat' dir='ltr'><strong>quidun</strong></span> <span class='ocrx_word' id='word_1_158' title='bbox 274 2040 413 2117; x_wconf 79' lang='lat' dir='ltr'><strong>inservit,</strong></span> <span class='ocrx_word' id='word_1_159' title='bbox 433 2041 658 2125; x_wconf 86' lang='lat' dir='ltr'><strong>ineptissimam</strong></span> <span class='ocrx_word' id='word_1_160' title='bbox 676 2063 789 2107; x_wconf 87' lang='lat' dir='ltr'><strong>vocare</strong></span> <span class='ocrx_word' id='word_1_161' title='bbox 808 2041 900 2107; x_wconf 88' lang='lat' dir='ltr'><strong>liceat</strong></span> <span class='ocrx_word' id='word_1_162' title='bbox 917 2055 949 2106; x_wconf 89' lang='lat' dir='ltr'><strong>et</strong></span> <span class='ocrx_word' id='word_1_163' title='bbox 968 2041 1159 2127; x_wconf 86' lang='lat' dir='ltr'><strong>philosopho</strong></span> <span class='ocrx_word' id='word_1_164' title='bbox 1172 2040 1301 2127; x_wconf 87' lang='lat' dir='ltr'><strong>prorsds</strong></span> <span class='ocrx_word' id='word_1_165' title='bbox 1316 2041 1423 2131; x_wconf 79' lang='lat' dir='ltr'><strong>iudig-</strong></span> 
     </span>
     <span class='ocr_line' id='line_1_17' title="bbox 123 2133 1427 2236; baseline 0.005 -26"><span class='ocrx_word' id='word_1_166' title='bbox 123 2169 205 2211; x_wconf 78' lang='lat' dir='ltr'><strong>aam.</strong></span> <span class='ocrx_word' id='word_1_167' title='bbox 251 2147 322 2225; x_wconf 87' lang='lat' dir='ltr'><strong>Qui</strong></span> <span class='ocrx_word' id='word_1_168' title='bbox 335 2149 431 2213; x_wconf 85' lang='lat' dir='ltr'><strong>coelos</strong></span> <span class='ocrx_word' id='word_1_169' title='bbox 445 2149 575 2215; x_wconf 78' lang='lat' dir='ltr'><strong>materid</strong></span> <span class='ocrx_word' id='word_1_170' title='bbox 588 2150 686 2218; x_wconf 84' lang='lat' dir='ltr'><strong>fluidt</strong></span> <span class='ocrx_word' id='word_1_171' title='bbox 701 2133 837 2236; x_wconf 76' lang='lat' dir='ltr'><strong>repletos</strong></span> <span class='ocrx_word' id='word_1_172' title='bbox 852 2174 920 2217; x_wconf 82' lang='lat' dir='ltr'><strong>esse</strong></span> <span class='ocrx_word' id='word_1_173' title='bbox 934 2153 1053 2232; x_wconf 81' lang='lat' dir='ltr'><strong>volunt,</strong></span> <span class='ocrx_word' id='word_1_174' title='bbox 1070 2152 1151 2217; x_wconf 91' lang='lat' dir='ltr'><strong>hauc</strong></span> <span class='ocrx_word' id='word_1_175' title='bbox 1166 2153 1241 2217; x_wconf 80' lang='lat' dir='ltr'><strong>verb</strong></span> <span class='ocrx_word' id='word_1_176' title='bbox 1256 2175 1320 2217; x_wconf 90' lang='lat' dir='ltr'><strong>nou</strong></span> <span class='ocrx_word' id='word_1_177' title='bbox 1336 2154 1427 2218; x_wconf 73' lang='lat' dir='ltr'><strong>iner-</strong></span> 
     </span>
     <span class='ocr_line' id='line_1_18' title="bbox 123 2257 1422 2345; baseline 0.005 -25"><span class='ocrx_word' id='word_1_178' title='bbox 123 2268 185 2320; x_wconf 81' lang='lat' dir='ltr'><strong>tem</strong></span> <span class='ocrx_word' id='word_1_179' title='bbox 199 2277 273 2320; x_wconf 81' lang='lat' dir='ltr'><strong>esse</strong></span> <span class='ocrx_word' id='word_1_180' title='bbox 287 2269 445 2333; x_wconf 75' lang='lat' dir='ltr'><strong>statuuut3</strong></span> <span class='ocrx_word' id='word_1_181' title='bbox 467 2257 502 2320; x_wconf 86' lang='lat' dir='ltr'><strong>lri</strong></span> <span class='ocrx_word' id='word_1_182' title='bbox 515 2258 618 2323; x_wconf 86' lang='lat' dir='ltr'><strong>verbis</strong></span> <span class='ocrx_word' id='word_1_183' title='bbox 632 2259 747 2324; x_wconf 91' lang='lat' dir='ltr'><strong>tollunt</strong></span> <span class='ocrx_word' id='word_1_184' title='bbox 759 2280 902 2338; x_wconf 86' lang='lat' dir='ltr'><strong>vacuum,</strong></span> <span class='ocrx_word' id='word_1_185' title='bbox 926 2281 962 2325; x_wconf 89' lang='lat' dir='ltr'><strong>re</strong></span> <span class='ocrx_word' id='word_1_186' title='bbox 982 2272 1115 2345; x_wconf 91' lang='lat' dir='ltr'><strong>ponunt.</strong></span> <span class='ocrx_word' id='word_1_187' title='bbox 1169 2260 1253 2326; x_wconf 90' lang='lat' dir='ltr'><strong>Nam</strong></span> <span class='ocrx_word' id='word_1_188' title='bbox 1268 2284 1340 2326; x_wconf 90' lang='lat' dir='ltr'><strong>cum</strong></span> <span class='ocrx_word' id='word_1_189' title='bbox 1360 2259 1422 2327; x_wconf 82' lang='lat' dir='ltr'><strong>hu-</strong></span> 
     </span>
     <span class='ocr_line' id='line_1_19' title="bbox 119 2364 1425 2456; baseline 0.005 -29"><span class='ocrx_word' id='word_1_190' title='bbox 119 2364 260 2448; x_wconf 83' lang='lat' dir='ltr'><strong>jusmodi</strong></span> <span class='ocrx_word' id='word_1_191' title='bbox 275 2368 406 2430; x_wconf 82' lang='lat' dir='ltr'><strong>materia</strong></span> <span class='ocrx_word' id='word_1_192' title='bbox 419 2366 517 2431; x_wconf 84' lang='lat' dir='ltr'><strong>fluida</strong></span> <span class='ocrx_word' id='word_1_193' title='bbox 530 2368 651 2432; x_wconf 77' lang='lat' dir='ltr'><strong>ustione</strong></span> <span class='ocrx_word' id='word_1_194' title='bbox 664 2368 751 2432; x_wconf 69' lang='lat' dir='ltr'><strong>nulli</strong></span> <span class='ocrx_word' id='word_1_195' title='bbox 765 2370 886 2434; x_wconf 85' lang='lat' dir='ltr'><strong>secerni</strong></span> <span class='ocrx_word' id='word_1_196' title='bbox 900 2370 998 2455; x_wconf 89' lang='lat' dir='ltr'><strong>possit</strong></span> <span class='ocrx_word' id='word_1_197' title='bbox 1010 2370 1052 2434; x_wconf 89' lang='lat' dir='ltr'><strong>ab</strong></span> <span class='ocrx_word' id='word_1_198' title='bbox 1066 2369 1151 2433; x_wconf 88' lang='lat' dir='ltr'><strong>inani</strong></span> <span class='ocrx_word' id='word_1_199' title='bbox 1173 2369 1290 2456; x_wconf 82' lang='lat' dir='ltr'><strong>sputi03</strong></span> <span class='ocrx_word' id='word_1_200' title='bbox 1312 2370 1425 2455; x_wconf 83' lang='lat' dir='ltr'><strong>dispu-</strong></span> 
     </span>
     <span class='ocr_line' id='line_1_20' title="bbox 122 2471 1423 2567; baseline 0.009 -30"><span class='ocrx_word' id='word_1_201' title='bbox 122 2473 199 2537; x_wconf 83' lang='lat' dir='ltr'><strong>tetio</strong></span> <span class='ocrx_word' id='word_1_202' title='bbox 221 2486 290 2538; x_wconf 76' lang='lat' dir='ltr'><strong>tots</strong></span> <span class='ocrx_word' id='word_1_203' title='bbox 311 2471 348 2538; x_wconf 80' lang='lat' dir='ltr'><strong>fit</strong></span> <span class='ocrx_word' id='word_1_204' title='bbox 361 2474 403 2539; x_wconf 89' lang='lat' dir='ltr'><strong>de</strong></span> <span class='ocrx_word' id='word_1_205' title='bbox 416 2495 522 2540; x_wconf 88' lang='lat' dir='ltr'><strong>rerum</strong></span> <span class='ocrx_word' id='word_1_206' title='bbox 544 2478 732 2556; x_wconf 84' lang='lat' dir='ltr'><strong>nominibus,</strong></span> <span class='ocrx_word' id='word_1_207' title='bbox 754 2478 881 2543; x_wconf 89' lang='lat' dir='ltr'><strong>nonde</strong></span> <span class='ocrx_word' id='word_1_208' title='bbox 902 2479 1032 2545; x_wconf 76' lang='lat' dir='ltr'><strong>naturis.</strong></span> <span class='ocrx_word' id='word_1_209' title='bbox 1085 2479 1183 2556; x_wconf 87' lang='lat' dir='ltr'><strong>Quod</strong></span> <span class='ocrx_word' id='word_1_210' title='bbox 1204 2480 1230 2544; x_wconf 90' lang='lat' dir='ltr'><strong>si</strong></span> <span class='ocrx_word' id='word_1_211' title='bbox 1245 2479 1341 2567; x_wconf 80' lang='lat' dir='ltr'><strong>aliqui</strong></span> <span class='ocrx_word' id='word_1_212' title='bbox 1356 2479 1423 2549; x_wconf 85' lang='lat' dir='ltr'><strong>sint</strong></span> 
     </span>
     <span class='ocr_line' id='line_1_21' title="bbox 122 2583 1421 2674; baseline 0.005 -26"><span class='ocrx_word' id='word_1_213' title='bbox 122 2583 203 2648; x_wconf 81' lang='lat' dir='ltr'><strong>sdeb</strong></span> <span class='ocrx_word' id='word_1_214' title='bbox 214 2607 317 2672; x_wconf 84' lang='lat' dir='ltr'><strong>usque</strong></span> <span class='ocrx_word' id='word_1_215' title='bbox 327 2585 426 2650; x_wconf 87' lang='lat' dir='ltr'><strong>dediti</strong></span> <span class='ocrx_word' id='word_1_216' title='bbox 435 2588 585 2666; x_wconf 84' lang='lat' dir='ltr'><strong>materiae,</strong></span> <span class='ocrx_word' id='word_1_217' title='bbox 597 2600 634 2652; x_wconf 90' lang='lat' dir='ltr'><strong>ut</strong></span> <span class='ocrx_word' id='word_1_218' title='bbox 644 2589 778 2673; x_wconf 82' lang='lat' dir='ltr'><strong>spatium</strong></span> <span class='ocrx_word' id='word_1_219' title='bbox 790 2610 809 2653; x_wconf 83' lang='lat' dir='ltr'><strong>a</strong></span> <span class='ocrx_word' id='word_1_220' title='bbox 823 2589 1007 2674; x_wconf 83' lang='lat' dir='ltr'><strong>corporibus</strong></span> <span class='ocrx_word' id='word_1_221' title='bbox 1018 2608 1149 2653; x_wconf 82' lang='lat' dir='ltr'><strong>vacuum</strong></span> <span class='ocrx_word' id='word_1_222' title='bbox 1161 2589 1249 2653; x_wconf 93' lang='lat' dir='ltr'><strong>nullo</strong></span> <span class='ocrx_word' id='word_1_223' title='bbox 1259 2602 1352 2674; x_wconf 81' lang='lat' dir='ltr'><strong>pecto</strong></span> <span class='ocrx_word' id='word_1_224' title='bbox 1364 2589 1421 2655; x_wconf 90' lang='lat' dir='ltr'><strong>ad·</strong></span> 
     </span>
     <span class='ocr_line' id='line_1_22' title="bbox 123 2692 1403 2784; baseline 0.005 -26"><span class='ocrx_word' id='word_1_225' title='bbox 123 2695 314 2760; x_wconf 89' lang='lat' dir='ltr'><strong>mittendum</strong></span> <span class='ocrx_word' id='word_1_226' title='bbox 328 2696 456 2762; x_wconf 86' lang='lat' dir='ltr'><strong>credere</strong></span> <span class='ocrx_word' id='word_1_227' title='bbox 470 2698 584 2776; x_wconf 72' lang='lat' dir='ltr'><strong>velint,</strong></span> <span class='ocrx_word' id='word_1_228' title='bbox 606 2692 766 2764; x_wconf 72' lang='lat' dir='ltr'><strong>videamus</strong></span> <span class='ocrx_word' id='word_1_229' title='bbox 780 2719 844 2784; x_wconf 93' lang='lat' dir='ltr'><strong>quo</strong></span> <span class='ocrx_word' id='word_1_230' title='bbox 858 2698 985 2763; x_wconf 84' lang='lat' dir='ltr'><strong>tandem</strong></span> <span class='ocrx_word' id='word_1_231' title='bbox 1000 2711 1144 2783; x_wconf 81' lang='lat' dir='ltr'><strong>oporteat</strong></span> <span class='ocrx_word' id='word_1_232' title='bbox 1158 2698 1214 2762; x_wconf 93' lang='lat' dir='ltr'><strong>illo</strong></span> <span class='ocrx_word' id='word_1_233' title='bbox 1226 2696 1403 2783; x_wconf 85' lang='lat' dir='ltr'><strong>pervenire.</strong></span> 
     </span>
    </p>

    <p class='ocr_par' dir='ltr' id='par_1_4' title="bbox 125 2804 1493 4639">
     <span class='ocr_line' id='line_1_23' title="bbox 133 2804 1422 2894; baseline 0.003 -27"><span class='ocrx_word' id='word_1_234' title='bbox 133 2828 140 2837; x_wconf 87' lang='lat'><strong>·</strong></span> <span class='ocrx_word' id='word_1_235' title='bbox 164 2804 228 2868; x_wconf 89' lang='lat' dir='ltr'><strong>Vel</strong></span> <span class='ocrx_word' id='word_1_236' title='bbox 244 2806 330 2869; x_wconf 80' lang='lat' dir='ltr'><strong>enirn</strong></span> <span class='ocrx_word' id='word_1_237' title='bbox 344 2805 451 2870; x_wconf 88' lang='lat' dir='ltr'><strong>dicent</strong></span> <span class='ocrx_word' id='word_1_238' title='bbox 464 2805 557 2884; x_wconf 86' lang='lat' dir='ltr'><strong>benc,</strong></span> <span class='ocrx_word' id='word_1_239' title='bbox 573 2827 669 2892; x_wconf 84' lang='lat' dir='ltr'><strong>quam</strong></span> <span class='ocrx_word' id='word_1_240' title='bbox 683 2807 877 2894; x_wconf 82' lang='lat' dir='ltr'><strong>confingunt,</strong></span> <span class='ocrx_word' id='word_1_241' title='bbox 901 2805 1012 2871; x_wconf 90' lang='lat' dir='ltr'><strong>mundi</strong></span> <span class='ocrx_word' id='word_1_242' title='bbox 1032 2828 1091 2891; x_wconf 85' lang='lat' dir='ltr'><strong>per</strong></span> <span class='ocrx_word' id='word_1_243' title='bbox 1113 2804 1220 2870; x_wconf 84' lang='lat' dir='ltr'><strong>omnia</strong></span> <span class='ocrx_word' id='word_1_244' title='bbox 1240 2806 1327 2890; x_wconf 89' lang='lat' dir='ltr'><strong>pleni</strong></span> <span class='ocrx_word' id='word_1_245' title='bbox 1344 2825 1422 2871; x_wconf 90' lang='lat' dir='ltr'><strong>con·</strong></span> 
     </span>
     <span class='ocr_line' id='line_1_24' title="bbox 125 2913 1421 2999; baseline 0.002 -23"><span class='ocrx_word' id='word_1_246' title='bbox 125 2913 318 2976; x_wconf 80' lang='lat' dir='ltr'><strong>stitutionem</strong></span> <span class='ocrx_word' id='word_1_247' title='bbox 332 2936 373 2978; x_wconf 88' lang='lat' dir='ltr'><strong>ex</strong></span> <span class='ocrx_word' id='word_1_248' title='bbox 390 2915 549 2980; x_wconf 78' lang='lat' dir='ltr'><strong>voluntate</strong></span> <span class='ocrx_word' id='word_1_249' title='bbox 563 2915 627 2980; x_wconf 91' lang='lat' dir='ltr'><strong>Dei</strong></span> <span class='ocrx_word' id='word_1_250' title='bbox 641 2914 813 2999; x_wconf 77' lang='lat' dir='ltr'><strong>profectam</strong></span> <span class='ocrx_word' id='word_1_251' title='bbox 828 2936 905 2991; x_wconf 86' lang='lat' dir='ltr'><strong>esse,</strong></span> <span class='ocrx_word' id='word_1_252' title='bbox 928 2927 1058 2999; x_wconf 84' lang='lat' dir='ltr'><strong>propter</strong></span> <span class='ocrx_word' id='word_1_253' title='bbox 1077 2935 1150 2978; x_wconf 88' lang='lat' dir='ltr'><strong>eum</strong></span> <span class='ocrx_word' id='word_1_254' title='bbox 1164 2913 1271 2992; x_wconf 82' lang='lat' dir='ltr'><strong>firrem,</strong></span> <span class='ocrx_word' id='word_1_255' title='bbox 1295 2922 1331 2978; x_wconf 87' lang='lat' dir='ltr'><strong>ut</strong></span> <span class='ocrx_word' id='word_1_256' title='bbox 1345 2934 1421 2999; x_wconf 82' lang='lat' dir='ltr'><strong>ops·</strong></span> 
     </span>
     <span class='ocr_line' id='line_1_25' title="bbox 126 3019 1421 3106; baseline 0 -21"><span class='ocrx_word' id='word_1_257' title='bbox 126 3020 299 3085; x_wconf 72' lang='lat' dir='ltr'><strong>ustionibus</strong></span> <span class='ocrx_word' id='word_1_258' title='bbox 313 3035 436 3085; x_wconf 81' lang='lat' dir='ltr'><strong>neturae</strong></span> <span class='ocrx_word' id='word_1_259' title='bbox 450 3021 623 3087; x_wconf 85' lang='lat' dir='ltr'><strong>subsidium</strong></span> <span class='ocrx_word' id='word_1_260' title='bbox 638 3042 777 3106; x_wconf 65' lang='lat' dir='ltr'><strong>praesens</strong></span> <span class='ocrx_word' id='word_1_261' title='bbox 793 3020 902 3085; x_wconf 89' lang='lat' dir='ltr'><strong>haberi</strong></span> <span class='ocrx_word' id='word_1_262' title='bbox 915 3031 1022 3105; x_wconf 75' lang='lat' dir='ltr'><strong>posset</strong></span> <span class='ocrx_word' id='word_1_263' title='bbox 1036 3020 1076 3085; x_wconf 92' lang='lat' dir='ltr'><strong>ab</strong></span> <span class='ocrx_word' id='word_1_264' title='bbox 1087 3021 1203 3086; x_wconf 85' lang='lat' dir='ltr'><strong>aetbere</strong></span> <span class='ocrx_word' id='word_1_265' title='bbox 1219 3019 1421 3085; x_wconf 90' lang='lat' dir='ltr'><strong>subtilissimo</strong></span> 
     </span>
     <span class='ocr_line' id='line_1_26' title="bbox 126 3124 1421 3215; baseline 0.002 -25"><span class='ocrx_word' id='word_1_266' title='bbox 126 3138 237 3190; x_wconf 80' lang='lat' dir='ltr'><strong>macta</strong></span> <span class='ocrx_word' id='word_1_267' title='bbox 250 3139 434 3211; x_wconf 84' lang='lat' dir='ltr'><strong>permeante</strong></span> <span class='ocrx_word' id='word_1_268' title='bbox 447 3140 480 3193; x_wconf 93' lang='lat' dir='ltr'><strong>et</strong></span> <span class='ocrx_word' id='word_1_269' title='bbox 494 3129 661 3213; x_wconf 83' lang='lat' dir='ltr'><strong>implente3</strong></span> <span class='ocrx_word' id='word_1_270' title='bbox 680 3128 765 3215; x_wconf 91' lang='lat' dir='ltr'><strong>quod</strong></span> <span class='ocrx_word' id='word_1_271' title='bbox 779 3142 885 3193; x_wconf 87' lang='lat' dir='ltr'><strong>tamen</strong></span> <span class='ocrx_word' id='word_1_272' title='bbox 900 3127 963 3192; x_wconf 86' lang='lat' dir='ltr'><strong>dici</strong></span> <span class='ocrx_word' id='word_1_273' title='bbox 977 3149 1042 3192; x_wconf 92' lang='lat' dir='ltr'><strong>non</strong></span> <span class='ocrx_word' id='word_1_274' title='bbox 1056 3140 1169 3213; x_wconf 83' lang='lat' dir='ltr'><strong>potest,</strong></span> <span class='ocrx_word' id='word_1_275' title='bbox 1186 3124 1340 3213; x_wconf 88' lang='lat' dir='ltr'><strong>siquidem</strong></span> <span class='ocrx_word' id='word_1_276' title='bbox 1352 3127 1421 3214; x_wconf 81' lang='lat' dir='ltr'><strong>jem</strong></span> 
     </span>
     <span class='ocr_line' id='line_1_27' title="bbox 126 3232 1422 3320; baseline 0.001 -22"><span class='ocrx_word' id='word_1_277' title='bbox 126 3246 285 3298; x_wconf 78' lang='lat' dir='ltr'><strong>ostensum</strong></span> <span class='ocrx_word' id='word_1_278' title='bbox 298 3246 348 3298; x_wconf 84' lang='lat' dir='ltr'><strong>est</strong></span> <span class='ocrx_word' id='word_1_279' title='bbox 362 3256 403 3299; x_wconf 88' lang='lat' dir='ltr'><strong>ex</strong></span> <span class='ocrx_word' id='word_1_280' title='bbox 417 3247 610 3300; x_wconf 86' lang='lat' dir='ltr'><strong>cometarum</strong></span> <span class='ocrx_word' id='word_1_281' title='bbox 631 3235 858 3320; x_wconf 85' lang='lat' dir='ltr'><strong>phoenomenis,</strong></span> <span class='ocrx_word' id='word_1_282' title='bbox 880 3234 998 3299; x_wconf 82' lang='lat' dir='ltr'><strong>nullam</strong></span> <span class='ocrx_word' id='word_1_283' title='bbox 1020 3257 1089 3300; x_wconf 87' lang='lat' dir='ltr'><strong>esse</strong></span> <span class='ocrx_word' id='word_1_284' title='bbox 1107 3234 1200 3320; x_wconf 87' lang='lat' dir='ltr'><strong>hujus</strong></span> <span class='ocrx_word' id='word_1_285' title='bbox 1215 3233 1341 3299; x_wconf 84' lang='lat' dir='ltr'><strong>aetberis</strong></span> <span class='ocrx_word' id='word_1_286' title='bbox 1356 3232 1422 3300; x_wconf 79' lang='lat' dir='ltr'><strong>effi·</strong></span> 
     </span>
     <span class='ocr_line' id='line_1_28' title="bbox 128 3342 1422 3433; baseline 0.001 -26"><span class='ocrx_word' id='word_1_287' title='bbox 128 3344 259 3408; x_wconf 65' lang='lat' dir='ltr'><strong>nean:</strong></span> <span class='ocrx_word' id='word_1_288' title='bbox 275 3344 325 3408; x_wconf 81' lang='lat' dir='ltr'><strong>rel</strong></span> <span class='ocrx_word' id='word_1_289' title='bbox 336 3344 443 3409; x_wconf 87' lang='lat' dir='ltr'><strong>dicent</strong></span> <span class='ocrx_word' id='word_1_290' title='bbox 453 3367 494 3409; x_wconf 81' lang='lat' dir='ltr'><strong>ex</strong></span> <span class='ocrx_word' id='word_1_291' title='bbox 503 3345 665 3410; x_wconf 85' lang='lat' dir='ltr'><strong>voluntste</strong></span> <span class='ocrx_word' id='word_1_292' title='bbox 677 3347 740 3411; x_wconf 90' lang='lat' dir='ltr'><strong>Dei</strong></span> <span class='ocrx_word' id='word_1_293' title='bbox 754 3344 927 3430; x_wconf 81' lang='lat' dir='ltr'><strong>profectum</strong></span> <span class='ocrx_word' id='word_1_294' title='bbox 938 3367 1014 3422; x_wconf 88' lang='lat' dir='ltr'><strong>esse,</strong></span> <span class='ocrx_word' id='word_1_295' title='bbox 1037 3357 1168 3429; x_wconf 88' lang='lat' dir='ltr'><strong>propter</strong></span> <span class='ocrx_word' id='word_1_296' title='bbox 1179 3345 1273 3409; x_wconf 86' lang='lat' dir='ltr'><strong>linem</strong></span> <span class='ocrx_word' id='word_1_297' title='bbox 1285 3342 1422 3433; x_wconf 81' lang='lat' dir='ltr'><strong>aliquem</strong></span> 
     </span>
     <span class='ocr_line' id='line_1_29' title="bbox 128 3449 1420 3539; baseline 0.003 -24"><span class='ocrx_word' id='word_1_298' title='bbox 128 3449 287 3537; x_wconf 63' lang='lat' dir='ltr'><strong>&#39;quemme</strong></span> <span class='ocrx_word' id='word_1_299' title='bbox 309 3452 394 3538; x_wconf 90' lang='lat' dir='ltr'><strong>quod</strong></span> <span class='ocrx_word' id='word_1_300' title='bbox 410 3474 512 3539; x_wconf 88' lang='lat' dir='ltr'><strong>neque</strong></span> <span class='ocrx_word' id='word_1_301' title='bbox 526 3454 588 3518; x_wconf 89' lang='lat' dir='ltr'><strong>dici</strong></span> <span class='ocrx_word' id='word_1_302' title='bbox 609 3453 713 3532; x_wconf 89' lang='lat' dir='ltr'><strong>debet,</strong></span> <span class='ocrx_word' id='word_1_303' title='bbox 737 3452 889 3538; x_wconf 86' lang='lat' dir='ltr'><strong>siquidem</strong></span> <span class='ocrx_word' id='word_1_304' title='bbox 907 3452 1030 3517; x_wconf 76' lang='lat' dir='ltr'><strong>diversa</strong></span> <span class='ocrx_word' id='word_1_305' title='bbox 1043 3452 1154 3516; x_wconf 89' lang='lat' dir='ltr'><strong>mundi</strong></span> <span class='ocrx_word' id='word_1_306' title='bbox 1169 3453 1351 3517; x_wconf 87' lang='lat' dir='ltr'><strong>constitutio</strong></span> <span class='ocrx_word' id='word_1_307' title='bbox 1366 3472 1420 3519; x_wconf 83' lang='lat' dir='ltr'><strong>co·</strong></span> 
     </span>
     <span class='ocr_line' id='line_1_30' title="bbox 128 3557 1421 3646; baseline 0 -23"><span class='ocrx_word' id='word_1_308' title='bbox 128 3557 196 3623; x_wconf 82' lang='lat' dir='ltr'><strong>dem</strong></span> <span class='ocrx_word' id='word_1_309' title='bbox 210 3572 400 3646; x_wconf 78' lang='lat' dir='ltr'><strong>argumento</strong></span> <span class='ocrx_word' id='word_1_310' title='bbox 413 3560 531 3645; x_wconf 84' lang='lat' dir='ltr'><strong>pariter</strong></span> <span class='ocrx_word' id='word_1_311' title='bbox 545 3560 679 3626; x_wconf 80' lang='lat' dir='ltr'><strong>stabiliri·</strong></span> <span class='ocrx_word' id='word_1_312' title='bbox 689 3572 814 3646; x_wconf 84' lang='lat' dir='ltr'><strong>posset:</strong></span> <span class='ocrx_word' id='word_1_313' title='bbox 837 3558 887 3624; x_wconf 81' lang='lat' dir='ltr'><strong>rel</strong></span> <span class='ocrx_word' id='word_1_314' title='bbox 901 3558 1037 3646; x_wconf 88' lang='lat' dir='ltr'><strong>denique</strong></span> <span class='ocrx_word' id='word_1_315' title='bbox 1050 3580 1115 3624; x_wconf 88' lang='lat' dir='ltr'><strong>non</strong></span> <span class='ocrx_word' id='word_1_316' title='bbox 1130 3559 1236 3625; x_wconf 87' lang='lat' dir='ltr'><strong>dicent</strong></span> <span class='ocrx_word' id='word_1_317' title='bbox 1254 3581 1296 3624; x_wconf 85' lang='lat' dir='ltr'><strong>ex</strong></span> <span class='ocrx_word' id='word_1_318' title='bbox 1309 3558 1421 3625; x_wconf 84' lang='lat' dir='ltr'><strong>voluu-</strong></span> 
     </span>
     <span class='ocr_line' id='line_1_31' title="bbox 129 3667 1421 3756; baseline 0.002 -24"><span class='ocrx_word' id='word_1_319' title='bbox 129 3680 187 3732; x_wconf 79' lang='lat' dir='ltr'><strong>tate</strong></span> <span class='ocrx_word' id='word_1_320' title='bbox 209 3668 276 3735; x_wconf 86' lang='lat' dir='ltr'><strong>Dei</strong></span> <span class='ocrx_word' id='word_1_321' title='bbox 297 3669 474 3753; x_wconf 78' lang='lat' dir='ltr'><strong>protectam-</strong></span> <span class='ocrx_word' id='word_1_322' title='bbox 492 3693 570 3749; x_wconf 84' lang='lat' dir='ltr'><strong>esse,</strong></span> <span class='ocrx_word' id='word_1_323' title='bbox 595 3669 651 3735; x_wconf 86' lang='lat' dir='ltr'><strong>sed</strong></span> <span class='ocrx_word' id='word_1_324' title='bbox 673 3691 714 3734; x_wconf 87' lang='lat' dir='ltr'><strong>ex</strong></span> <span class='ocrx_word' id='word_1_325' title='bbox 737 3669 920 3734; x_wconf 83' lang='lat' dir='ltr'><strong>necessitate</strong></span> <span class='ocrx_word' id='word_1_326' title='bbox 941 3668 1077 3756; x_wconf 75' lang='lat' dir='ltr'><strong>quidem</strong></span> <span class='ocrx_word' id='word_1_327' title='bbox 1098 3683 1230 3734; x_wconf 83' lang='lat' dir='ltr'><strong>naturoe.</strong></span> <span class='ocrx_word' id='word_1_328' title='bbox 1275 3667 1421 3734; x_wconf 79' lang='lat' dir='ltr'><strong>Tandem</strong></span> 
     </span>
     <span class='ocr_line' id='line_1_32' title="bbox 129 3774 1419 3865; baseline -0.001 -25"><span class='ocrx_word' id='word_1_329' title='bbox 129 3776 220 3865; x_wconf 73' lang='lat' dir='ltr'><strong>igitur</strong></span> <span class='ocrx_word' id='word_1_330' title='bbox 234 3776 340 3841; x_wconf 73' lang='lat' dir='ltr'><strong>delabi</strong></span> <span class='ocrx_word' id='word_1_331' title='bbox 354 3789 480 3863; x_wconf 86' lang='lat' dir='ltr'><strong>oportet</strong></span> <span class='ocrx_word' id='word_1_332' title='bbox 500 3779 534 3841; x_wconf 90' lang='lat' dir='ltr'><strong>in</strong></span> <span class='ocrx_word' id='word_1_333' title='bbox 555 3778 648 3843; x_wconf 80' lang='lat' dir='ltr'><strong>faeces</strong></span> <span class='ocrx_word' id='word_1_334' title='bbox 662 3776 806 3842; x_wconf 89' lang='lat' dir='ltr'><strong>sordidas</strong></span> <span class='ocrx_word' id='word_1_335' title='bbox 820 3777 926 3864; x_wconf 82' lang='lat' dir='ltr'><strong>gregis</strong></span> <span class='ocrx_word' id='word_1_336' title='bbox 941 3776 1152 3860; x_wconf 85' lang='lat' dir='ltr'><strong>impurissimi.</strong></span> <span class='ocrx_word' id='word_1_337' title='bbox 1202 3776 1249 3841; x_wconf 92' lang='lat' dir='ltr'><strong>Hi</strong></span> <span class='ocrx_word' id='word_1_338' title='bbox 1272 3787 1345 3840; x_wconf 88' lang='lat' dir='ltr'><strong>sunt</strong></span> <span class='ocrx_word' id='word_1_339' title='bbox 1366 3774 1419 3861; x_wconf 88' lang='lat' dir='ltr'><strong>qui</strong></span> 
     </span>
     <span class='ocr_line' id='line_1_33' title="bbox 131 3883 1420 3976; baseline 0.001 -26"><span class='ocrx_word' id='word_1_340' title='bbox 131 3886 285 3951; x_wconf 81' lang='lat' dir='ltr'><strong>somniant</strong></span> <span class='ocrx_word' id='word_1_341' title='bbox 298 3885 363 3950; x_wconf 82' lang='lat' dir='ltr'><strong>fato</strong></span> <span class='ocrx_word' id='word_1_342' title='bbox 378 3888 522 3952; x_wconf 86' lang='lat' dir='ltr'><strong>universa</strong></span> <span class='ocrx_word' id='word_1_343' title='bbox 536 3888 615 3976; x_wconf 84' lang='lat' dir='ltr'><strong>regi,</strong></span> <span class='ocrx_word' id='word_1_344' title='bbox 631 3910 696 3952; x_wconf 91' lang='lat' dir='ltr'><strong>non</strong></span> <span class='ocrx_word' id='word_1_345' title='bbox 710 3886 909 3972; x_wconf 85' lang='lat' dir='ltr'><strong>providentia</strong></span> <span class='ocrx_word' id='word_1_346' title='bbox 917 3909 926 3963; x_wconf 74' lang='grc' dir='ltr'><strong><em>ς</em></strong></span> <span class='ocrx_word' id='word_1_347' title='bbox 943 3886 1105 3950; x_wconf 87' lang='lat' dir='ltr'><strong>materiam</strong></span> <span class='ocrx_word' id='word_1_348' title='bbox 1117 3908 1158 3952; x_wconf 83' lang='lat' dir='ltr'><strong>ex</strong></span> <span class='ocrx_word' id='word_1_349' title='bbox 1169 3886 1350 3952; x_wconf 74' lang='lat' dir='ltr'><strong>necessitate</strong></span> <span class='ocrx_word' id='word_1_350' title='bbox 1365 3883 1420 3951; x_wconf 81' lang='lat' dir='ltr'><strong>sut</strong></span> 
     </span>
     <span class='ocr_line' id='line_1_34' title="bbox 132 3994 1420 4083; baseline -0.002 -22"><span class='ocrx_word' id='word_1_351' title='bbox 132 4008 301 4083; x_wconf 77' lang='lat' dir='ltr'><strong>temperet</strong></span> <span class='ocrx_word' id='word_1_352' title='bbox 317 3997 436 4083; x_wconf 89' lang='lat' dir='ltr'><strong>ubique</strong></span> <span class='ocrx_word' id='word_1_353' title='bbox 456 3997 604 4074; x_wconf 85' lang='lat' dir='ltr'><strong>extitisse,</strong></span> <span class='ocrx_word' id='word_1_354' title='bbox 628 3996 782 4061; x_wconf 73' lang='lat' dir='ltr'><strong>infinitam</strong></span> <span class='ocrx_word' id='word_1_355' title='bbox 802 4016 872 4061; x_wconf 83' lang='lat' dir='ltr'><strong>esse</strong></span> <span class='ocrx_word' id='word_1_356' title='bbox 893 4008 926 4060; x_wconf 92' lang='lat' dir='ltr'><strong>et</strong></span> <span class='ocrx_word' id='word_1_357' title='bbox 939 4007 1100 4060; x_wconf 72' lang='lat' dir='ltr'><strong>eternam.</strong></span> <span class='ocrx_word' id='word_1_358' title='bbox 1154 3994 1277 4071; x_wconf 85' lang='lat' dir='ltr'><strong>Quibus</strong></span> <span class='ocrx_word' id='word_1_359' title='bbox 1292 3994 1420 4078; x_wconf 81' lang='lat' dir='ltr'><strong>positis3</strong></span> 
     </span>
     <span class='ocr_line' id='line_1_35' title="bbox 133 4103 1421 4194; baseline -0.002 -22"><span class='ocrx_word' id='word_1_360' title='bbox 133 4109 185 4172; x_wconf 81' lang='lat' dir='ltr'><strong>erit</strong></span> <span class='ocrx_word' id='word_1_361' title='bbox 199 4109 295 4173; x_wconf 87' lang='lat' dir='ltr'><strong>etism</strong></span> <span class='ocrx_word' id='word_1_362' title='bbox 310 4107 512 4194; x_wconf 86' lang='lat' dir='ltr'><strong>undiquaque</strong></span> <span class='ocrx_word' id='word_1_363' title='bbox 526 4105 690 4170; x_wconf 83' lang='lat' dir='ltr'><strong>uniformis</strong></span> <span class='ocrx_word' id='word_1_364' title='bbox 703 4131 710 4170; x_wconf 92' lang='lat'><strong>:</strong></span> <span class='ocrx_word' id='word_1_365' title='bbox 733 4127 808 4170; x_wconf 88' lang='lat' dir='ltr'><strong>nam</strong></span> <span class='ocrx_word' id='word_1_366' title='bbox 822 4105 954 4169; x_wconf 82' lang='lat' dir='ltr'><strong>vsrietus</strong></span> <span class='ocrx_word' id='word_1_367' title='bbox 968 4104 1140 4169; x_wconf 78' lang='lat' dir='ltr'><strong>formarum</strong></span> <span class='ocrx_word' id='word_1_368' title='bbox 1151 4124 1222 4169; x_wconf 88' lang='lat' dir='ltr'><strong>cum</strong></span> <span class='ocrx_word' id='word_1_369' title='bbox 1237 4103 1421 4170; x_wconf 77' lang='lat' dir='ltr'><strong>necessitate</strong></span> 
     </span>
     <span class='ocr_line' id='line_1_36' title="bbox 133 4213 1421 4306; baseline -0.002 -23"><span class='ocrx_word' id='word_1_370' title='bbox 133 4217 257 4283; x_wconf 77' lang='lat' dir='ltr'><strong>omuino</strong></span> <span class='ocrx_word' id='word_1_371' title='bbox 271 4229 402 4306; x_wconf 79' lang='lat' dir='ltr'><strong>pugnet.</strong></span> <span class='ocrx_word' id='word_1_372' title='bbox 447 4217 519 4281; x_wconf 83' lang='lat' dir='ltr'><strong>Erit</strong></span> <span class='ocrx_word' id='word_1_373' title='bbox 534 4217 627 4282; x_wconf 87' lang='lat' dir='ltr'><strong>etiarn</strong></span> <span class='ocrx_word' id='word_1_374' title='bbox 642 4215 787 4281; x_wconf 78' lang='lat' dir='ltr'><strong>immota:</strong></span> <span class='ocrx_word' id='word_1_375' title='bbox 811 4237 885 4279; x_wconf 92' lang='lat' dir='ltr'><strong>nam</strong></span> <span class='ocrx_word' id='word_1_376' title='bbox 900 4215 926 4280; x_wconf 90' lang='lat' dir='ltr'><strong>si</strong></span> <span class='ocrx_word' id='word_1_377' title='bbox 941 4215 1119 4280; x_wconf 75' lang='lat' dir='ltr'><strong>necessario</strong></span> <span class='ocrx_word' id='word_1_378' title='bbox 1134 4226 1295 4280; x_wconf 84' lang='lat' dir='ltr'><strong>moveatur</strong></span> <span class='ocrx_word' id='word_1_379' title='bbox 1306 4213 1338 4279; x_wconf 90' lang='lat' dir='ltr'><strong>in</strong></span> <span class='ocrx_word' id='word_1_380' title='bbox 1352 4215 1421 4302; x_wconf 86' lang='lat' dir='ltr'><strong>pla·</strong></span> 
     </span>
     <span class='ocr_line' id='line_1_37' title="bbox 133 4322 1493 4412; baseline 0 -22"><span class='ocrx_word' id='word_1_381' title='bbox 133 4344 200 4411; x_wconf 77' lang='lat' dir='ltr'><strong>gem</strong></span> <span class='ocrx_word' id='word_1_382' title='bbox 215 4325 353 4412; x_wconf 84' lang='lat' dir='ltr'><strong>aliquam</strong></span> <span class='ocrx_word' id='word_1_383' title='bbox 368 4325 623 4401; x_wconf 68' lang='lat' dir='ltr'><strong>determinatam</strong></span> <span class='ocrx_word' id='word_1_384' title='bbox 646 4345 718 4388; x_wconf 89' lang='lat' dir='ltr'><strong>cum</strong></span> <span class='ocrx_word' id='word_1_385' title='bbox 741 4323 946 4389; x_wconf 84' lang='lat' dir='ltr'><strong>determinate</strong></span> <span class='ocrx_word' id='word_1_386' title='bbox 959 4324 1064 4409; x_wconf 78' lang='lat' dir='ltr'><strong>aliqua</strong></span> <span class='ocrx_word' id='word_1_387' title='bbox 1078 4322 1257 4402; x_wconf 81' lang='lat' dir='ltr'><strong>velocitate3</strong></span> <span class='ocrx_word' id='word_1_388' title='bbox 1279 4324 1349 4411; x_wconf 81' lang='lat' dir='ltr'><strong>peri</strong></span> <span class='ocrx_word' id='word_1_389' title='bbox 1365 4346 1422 4391; x_wconf 87' lang='lat' dir='ltr'><strong>ne·</strong></span> <span class='ocrx_word' id='word_1_390' title='bbox 1489 4372 1493 4378; x_wconf 85' lang='lat'><em>-</em></span> 
     </span>
     <span class='ocr_line' id='line_1_38' title="bbox 134 4433 1422 4525; baseline 0 -25"><span class='ocrx_word' id='word_1_391' title='bbox 134 4435 272 4500; x_wconf 83' lang='lat' dir='ltr'><strong>cessitate</strong></span> <span class='ocrx_word' id='word_1_392' title='bbox 286 4436 464 4501; x_wconf 81' lang='lat' dir='ltr'><strong>movebitur</strong></span> <span class='ocrx_word' id='word_1_393' title='bbox 477 4436 510 4501; x_wconf 92' lang='lat' dir='ltr'><strong>in</strong></span> <span class='ocrx_word' id='word_1_394' title='bbox 525 4435 652 4524; x_wconf 81' lang='lat' dir='ltr'><strong>plagam</strong></span> <span class='ocrx_word' id='word_1_395' title='bbox 681 4434 836 4501; x_wconf 79' lang='lat' dir='ltr'><strong>diversam</strong></span> <span class='ocrx_word' id='word_1_396' title='bbox 851 4457 923 4499; x_wconf 85' lang='lat' dir='ltr'><strong>cunr</strong></span> <span class='ocrx_word' id='word_1_397' title='bbox 937 4433 1062 4500; x_wconf 87' lang='lat' dir='ltr'><strong>diversa</strong></span> <span class='ocrx_word' id='word_1_398' title='bbox 1075 4434 1248 4514; x_wconf 83' lang='lat' dir='ltr'><strong>velocitate,</strong></span> <span class='ocrx_word' id='word_1_399' title='bbox 1265 4435 1298 4500; x_wconf 87' lang='lat' dir='ltr'><strong>in</strong></span> <span class='ocrx_word' id='word_1_400' title='bbox 1311 4433 1422 4525; x_wconf 69' lang='lat' dir='ltr'><strong>plsgss</strong></span> 
     </span>
     <span class='ocr_line' id='line_1_39' title="bbox 135 4541 1422 4639; baseline -0.001 -32"><span class='ocrx_word' id='word_1_401' title='bbox 135 4557 232 4608; x_wconf 82' lang='lat' dir='ltr'><strong>mtern</strong></span> <span class='ocrx_word' id='word_1_402' title='bbox 255 4543 407 4621; x_wconf 79' lang='lat' dir='ltr'><strong>diversas,</strong></span> <span class='ocrx_word' id='word_1_403' title='bbox 431 4565 501 4609; x_wconf 88' lang='lat' dir='ltr'><strong>cum</strong></span> <span class='ocrx_word' id='word_1_404' title='bbox 525 4541 654 4608; x_wconf 76' lang='lat' dir='ltr'><strong>diversis</strong></span> <span class='ocrx_word' id='word_1_405' title='bbox 676 4541 900 4639; x_wconf 77' lang='lat' dir='ltr'><strong>velocitatibus,</strong></span> <span class='ocrx_word' id='word_1_406' title='bbox 927 4541 1045 4607; x_wconf 86' lang='lat' dir='ltr'><strong>moveri</strong></span> <span class='ocrx_word' id='word_1_407' title='bbox 1068 4562 1133 4607; x_wconf 90' lang='lat' dir='ltr'><strong>non</strong></span> <span class='ocrx_word' id='word_1_408' title='bbox 1153 4555 1260 4627; x_wconf 82' lang='lat' dir='ltr'><strong>potest</strong></span> <span class='ocrx_word' id='word_1_409' title='bbox 1265 4566 1276 4619; x_wconf 91' lang='lat'>;</span> <span class='ocrx_word' id='word_1_410' title='bbox 1298 4553 1422 4627; x_wconf 80' lang='lat' dir='ltr'><strong>oportet</strong></span> 
     </span>
    </p>
   </div>
   <div class='ocr_carea' id='block_1_4' title="bbox 0 0 1557 5534">
    <p class='ocr_par' dir='ltr' id='par_1_5' title="bbox 0 0 1557 5534">
     <span class='ocr_line' id='line_1_40' title="bbox 0 0 1557 5534; baseline 0 0"><span class='ocrx_word' id='word_1_411' title='bbox 0 0 1557 5534; x_wconf 95' lang='lat' dir='ltr'><strong> </strong></span> 
     </span>
    </p>
   </div>
  </div>
 </body>
</html>
