3098 5534
77 401 191 469 Ltaan
207 406 371 488 Saeuum]
416 405 656 472 Pn1N01P1n
689 403 1062 470 MATHEMATICA.
1306 411 1365 474 att

122 577 161 639 ln
177 576 424 642 circumferentia
441 579 468 642 P
485 579 522 642 H
540 581 563 643 S
577 579 597 640 h
614 578 776 662 capiantur
797 576 933 663 aequales
954 599 1044 639 arcus
1061 576 1099 640 H
1113 577 1140 654 l,
1166 576 1182 640 Ι
1200 576 1232 640 K
1246 576 1368 653 veihi,

76 687 86 746 i
102 687 133 762 k,
150 709 219 749 earn
234 687 384 751 habentes
401 689 552 751 rationem
568 689 608 751 ad
623 681 900 751 circumferentiam
917 701 1014 750 totam
1026 709 1119 772 quam
1134 687 1250 751 habent
1264 706 1372 772 aequa·

54 792 120 856 ‘los
137 794 283 882 rectaeE
300 795 336 871 F,
362 795 389 857 F
405 796 438 859 G
460 795 501 858 ad
521 795 668 879 pulsuum
690 794 886 858 intervallum
911 807 1010 857 toturn
1035 795 1063 858 B
1081 795 1118 858 C.
1165 795 1207 858 Et
1229 795 1369 860 demissis

75 902 306 984 perpendiculis
329 903 346 966 Ι
363 902 412 980 Μ,
431 903 463 966 Κ
481 904 512 966 Ν
527 904 657 980 velim,
674 905 696 967 k
711 927 750 979 n;
772 905 919 989 quoniam
942 918 1058 988 puncta
1074 905 1113 983 E,
1132 905 1167 982 F,
1186 905 1217 970 G
1233 906 1368 969 motibus

75 1009 226 1072 similibus
242 1010 413 1074 successive
428 1012 595 1097 agitantur,
617 1025 650 1074 et
663 1011 850 1074 vibrationes
865 1034 936 1075 suas
951 1013 1087 1100 integras
1102 1035 1142 1076 ex
1159 1013 1203 1078 itu
1220 1026 1251 1076 et
1265 1013 1368 1077 reditu

75 1117 262 1200 compositas
278 1120 396 1180 interea
409 1132 564 1204 peragunt
579 1118 654 1180 dum
669 1118 776 1200 pulsus
792 1117 975 1180 transfertur
989 1141 1008 1180 a
1024 1119 1052 1181 B
1063 1118 1104 1181 ad
1117 1118 1165 1194 C;
1181 1119 1207 1182 si
1224 1120 1251 1183 P
1264 1120 1301 1183 H
1315 1119 1366 1184 vel

77 1225 104 1287 P
121 1225 157 1287 H
175 1227 197 1289 S
212 1225 233 1287 h
256 1227 296 1288 sit
317 1240 438 1308 tempus
460 1226 500 1289 ab
522 1226 610 1289 initio
632 1226 735 1290 motirs
756 1226 863 1309 puncti
880 1226 918 1302 E,
944 1228 983 1310 (¹)
997 1229 1054 1290 erit
1071 1229 1098 1291 P
1114 1228 1130 1292 Ι
1145 1228 1194 1292 vel
1212 1228 1290 1292 PH
1308 1231 1331 1293 S
1354 1231 1367 1294 i

76 1349 198 1418 tempus
220 1335 260 1398 ab
283 1336 371 1397 initio
393 1335 495 1398 motiis
518 1337 626 1420 puncti
652 1337 687 1412 F,
711 1349 743 1398 et
760 1335 894 1403 PKvel
912 1335 939 1398 P
955 1335 992 1398 H
1009 1338 1032 1401 S
1047 1337 1068 1398 k
1083 1349 1205 1420 tempus
1220 1337 1260 1407 ab
1276 1338 1365 1401 initio

76 1442 176 1504 monis
191 1443 299 1525 puncti
317 1442 348 1505 G
357 1467 365 1517 ;
389 1455 422 1505 et
436 1455 603 1525 propterea
619 1443 648 1506 E
663 1469 683 1518 ε,
702 1443 729 1506 F
745 1463 772 1522 φ,
791 1442 823 1505 G
837 1469 858 1523 7
872 1455 963 1504 erunt
984 1443 1059 1525 ipsis
1077 1444 1103 1506 P
1119 1445 1158 1519 L,
1177 1444 1204 1508 P
1220 1445 1269 1520 M,
1287 1445 1316 1509 P
1333 1445 1365 1509 N

74 1551 105 1612 in
122 1550 166 1611 itu
180 1565 369 1632 punctorum
384 1549 434 1612 vel
449 1550 523 1633 ipsis
540 1550 568 1614 P
582 1550 603 1625 l,
622 1550 649 1613 P
664 1572 706 1625 m,
726 1550 784 1613 Pn
800 1549 832 1611 in
847 1563 1034 1632 punctorum
1050 1549 1161 1627 reditu,
1179 1551 1217 1634 (³)
1229 1551 1365 1636 aequales

74 1658 253 1742 respective.
300 1658 395 1723 Unde
411 1685 421 1718 ε
437 1686 457 1740 7
472 1680 527 1721 seu
551 1658 629 1722 EG
648 1669 680 1734 †
702 1658 736 1723 G
749 1685 770 1739 7
783 1695 827 1709 -
844 1656 872 1721 E
887 1682 897 1718 ι
913 1657 945 1721 in
960 1657 1005 1722 itu
1026 1669 1215 1743 punctorum
1236 1659 1365 1746 aequalis

73 1768 131 1829 erit
150 1767 177 1828 E
194 1767 226 1830 G
241 1766 329 1829 -L
347 1767 387 1842 N,
411 1767 444 1828 in
467 1766 569 1830 reditu
586 1778 690 1830 autem
705 1768 832 1852 aequalis
846 1767 874 1830 E
891 1767 923 1831 G
944 1779 976 1844 †
996 1769 1053 1832 ln.
1100 1770 1138 1852 (⁸)
1159 1769 1220 1833 Sed
1237 1796 1247 1831 r
1262 1797 1282 1851 7
1295 1771 1365 1834 lati-

73 1876 150 1938 tudo
165 1889 211 1938 est
226 1900 279 1939 seu
296 1877 446 1959 expansio
460 1878 557 1960 partis
572 1876 667 1940 medii
684 1877 712 1939 E
728 1877 759 1940 G
779 1877 809 1939 in
827 1876 897 1939 loco
913 1902 923 1936 ε
937 1901 974 1959 73
991 1889 1022 1940 et
1036 1890 1201 1961 propterea
1216 1879 1366 1961 expansio

72 1986 170 2067 partis
194 1985 275 2048 illius
292 1988 323 2049 in
340 1988 385 2049 itu
401 1987 502 2050 estad
518 1988 584 2071 ejus
606 1986 828 2069 expansionem
851 1985 1051 2062 mediocrem,
1078 1998 1113 2048 ut
1136 1984 1165 2048 E
1181 1987 1214 2049 G
1230 2024 1272 2036 —
1288 1987 1317 2049 L
1333 1987 1366 2051 N

72 2093 111 2174 (¹¹)
128 2092 168 2153 ad
186 2092 213 2155 E
230 2094 280 2169 G;
307 2095 339 2154 in
362 2093 464 2157 reditu
483 2105 587 2157 autem
610 2106 644 2155 ut
668 2092 745 2157 EG
764 2103 796 2168 †
817 2092 865 2154 ln
888 2115 943 2155 seu
967 2091 1095 2168 EG'†
1118 2093 1195 2155 LN
1217 2092 1257 2155 ad
1277 2093 1305 2156 E
1322 2093 1364 2160 G.

73 2200 181 2274 Quare
204 2201 244 2285 (i)
260 2200 332 2264 crim
348 2203 387 2263 sit
404 2203 432 2266 L
449 2203 482 2266 N
498 2202 538 2266 ad
557 2202 589 2265 K
606 2201 639 2263 H
657 2215 692 2265 ut
708 2200 724 2264 Ι
742 2201 780 2263 Μ
801 2201 841 2264 ad
864 2201 986 2267 radium
1002 2200 1035 2264 Ο
1053 2202 1089 2277 Ρ,
1113 2203 1152 2285 (0)
1165 2215 1200 2265 et
1216 2202 1248 2265 K
1266 2203 1303 2266 H
1324 2203 1366 2266 ad

73 2309 150 2373 EG
166 2325 200 2373 ut
215 2312 461 2376 circumferentia
478 2313 505 2376 P
523 2313 558 2376 H
576 2313 599 2375 S
614 2310 635 2372 lt
652 2310 679 2372 P
695 2310 734 2372 ad
754 2311 781 2373 B
799 2310 836 2386 C,
853 2309 885 2372 id
897 2323 953 2385 est,
971 2310 994 2372 si
1011 2322 1146 2392 ponatur
1160 2311 1261 2392 Vpro
1276 2311 1365 2374 radio

71 2420 178 2483 circuli
195 2421 476 2486 circumferentiam
492 2422 635 2484 habentis
651 2419 804 2505 aqualem
820 2418 982 2482 intervallo
997 2419 1145 2503 pulsuum
1162 2419 1191 2483 B
1210 2419 1248 2495 C,
1274 2420 1312 2503 (i)
1330 2431 1366 2484 ut

72 2526 103 2589 O
121 2528 148 2590 P
163 2527 202 2590 ad
220 2528 265 2603 V;
292 2541 323 2591 et
345 2553 384 2593 ex
407 2552 498 2616 aequo
515 2532 544 2594 L
560 2531 590 2593 N
607 2529 647 2592 ad
664 2529 693 2592 E
710 2527 742 2591 G
757 2541 791 2590 ut
807 2527 823 2593 I
842 2527 880 2591 M
895 2528 936 2590 ad
952 2529 999 2590 V:
1024 2528 1082 2592 erit
1101 2528 1252 2610 expansio
1266 2530 1364 2613 partia

72 2639 150 2703 EG
171 2640 317 2722 punctive
342 2641 463 2727 physici
481 2641 554 2706 Fin
576 2642 646 2703 loco
662 2665 705 2721 17
727 2639 768 2702 ad
797 2633 1020 2722 expansionem
1045 2637 1245 2714 mediocrem,
1270 2660 1364 2725 quam

70 2771 142 2831 pars
157 2748 210 2811 illa
225 2749 319 2814 habet
333 2749 366 2813 in
380 2751 449 2814 loco
465 2774 523 2815 suo
537 2751 640 2834 primo
664 2749 692 2813 E
709 2749 752 2825 G,
776 2749 814 2831 (⁰)
831 2761 866 2811 ut
881 2748 911 2810 V
926 2784 970 2798 -
985 2746 1002 2809 1
1019 2747 1059 2811 M
1079 2747 1120 2810 ad
1135 2747 1166 2810 V
1181 2748 1213 2810 in
1235 2749 1290 2826 itu,
1315 2762 1363 2814 ut-

103 2918 139 2981 (¹)
153 2922 166 2948 *
183 2922 235 2970 Erit
247 2923 269 2968 Ρ
280 2921 297 2968 1
304 2923 339 2968 uel
350 2924 374 2970 Ρ
382 2923 410 2969 Η
416 2918 455 2969 Si·
485 2919 604 2976 Quoniam
613 2927 699 2979 puncta
731 2927 818 2978 puncta
829 2917 872 2964 tria
882 2916 954 2964 medii
964 2917 1103 2979 qrrieacentis
1118 2933 1159 2965 teu
1170 2928 1237 2965 motu
1248 2918 1361 2979 impresso

72 2983 103 3037 E,
117 2983 144 3037 F,
159 2984 189 3039 G,
206 2983 284 3030 atalia
295 2983 409 3046 deinceps.
422 2985 524 3032 motibus
533 2984 648 3031 similibus
658 2997 700 3043 per
731 2981 837 3028 nondum
848 2981 983 3028 condensati
994 2981 1031 3028 vel
1042 2982 1155 3038 torfacti,
1167 2982 1280 3043 expansio
1290 2982 1362 3030 medii

70 3046 140 3092 medii
152 3048 344 3108 compressionem
356 3060 380 3095 et
391 3049 549 3096 dilatationem
566 3047 697 3094 communi·
731 3045 755 3091 in
767 3044 820 3092 loco
832 3045 855 3092 E
869 3046 900 3102 G,
919 3045 1042 3092 mediocris
1058 3061 1099 3093 seu
1110 3046 1176 3108 quasi
1188 3046 1266 3093 media
1279 3057 1314 3093 est
1324 3047 1361 3092 in.

70 3111 128 3157 cutia
145 3111 273 3158 successive
290 3113 415 3173 agitantur,
436 3112 518 3173 pulsus
536 3127 578 3173 per
599 3109 699 3173 aqualia
731 3118 766 3157 tar
784 3109 908 3156 minimam
924 3109 997 3169 ipsius
1013 3109 1177 3171 expansionem
1195 3110 1220 3156 in
1237 3110 1361 3170 locispul-

70 3176 143 3232 spatia
166 3175 188 3221 E
208 3176 236 3232 F,
259 3175 328 3231 PG,
345 3178 387 3224 &c
409 3177 538 3239 aequalibus
556 3177 700 3236 temporibus
731 3173 1356 3228 mumdcnaiasimiaetmarimaminlociarariasimia.

71 3237 501 3351 tuxtxa'itixn‘xxu
515 3240 699 3351 mitat
732 3237 1360 3363 rtmttrtifxtaintxi

70 3379 117 3423 quo
129 3364 264 3411 transfertur
274 3382 289 3412 a
302 3367 324 3413 B
335 3366 364 3412 ad
378 3369 406 3423 C,
418 3379 442 3414 et
451 3383 498 3430 quo
509 3320 602 3430 stagia
612 3376 699 3426 puncta
731 3366 760 3413 lis
770 3365 867 3412 dimidio
877 3358 940 3414 arcui
954 3366 966 3413 1
981 3366 1026 3418 Pi.
1039 3381 1081 3412 acu
1094 3366 1119 3414 K
1133 3365 1190 3421 Pk,
1202 3375 1225 3412 et
1235 3366 1317 3428 anguli
1328 3365 1360 3414 ad

73 3428 104 3482 E,
119 3427 145 3482 Ρ,
160 3429 332 3476 Gvibrationes
343 3446 396 3476 suaa
406 3431 545 3494 integram
559 3433 593 3478 itu
604 3441 627 3478 et
638 3431 698 3478 redi·
731 3430 941 3477 circumferentiam
962 3429 987 3477 K
1007 3429 1075 3487 Hk,
1097 3445 1207 3476 mensura
1228 3439 1262 3476 eat
1286 3429 1358 3477 etiarn

70 3501 96 3536 tu
116 3493 254 3551 compositas
273 3493 403 3553 perficiunt,
422 3505 450 3542 ut
467 3496 567 3556 spatium
585 3495 608 3541 E
624 3495 642 3541 P
661 3494 699 3541 rel
730 3493 841 3540 dimidius
851 3509 918 3541 arcus
930 3493 956 3541 K
969 3493 1025 3549 Pk.
1042 3505 1066 3541 et
1076 3492 1129 3540 ideo
1139 3493 1221 3555 anguli
1234 3493 1247 3540 Ι
1260 3493 1319 3541 ΟΡ
1335 3501 1359 3542 et

74 3555 93 3601 F
107 3557 129 3602 G
142 3555 170 3601 ad
183 3556 283 3616 spatium
301 3557 365 3613 BC,
383 3559 406 3604 in
417 3557 464 3620 quai
474 3560 562 3605 ratione
578 3559 648 3605 etiam
664 3567 699 3605 cat
733 3557 759 3604 K
773 3557 799 3603 Η
813 3557 842 3613 L,
859 3557 960 3619 aquales
970 3568 1032 3604 nunt.
1070 3558 1136 3604 Hinc
1149 3559 1168 3603 ai
1180 3572 1207 3604 er
1220 3567 1309 3617 puncto
1321 3557 1356 3616 K,

70 3620 176 3665 arcuali
191 3620 210 3675 l,
229 3621 264 3667 vel
278 3621 290 3667 l
305 3621 339 3674 K.
355 3620 385 3667 ad
401 3631 473 3668 totam
490 3623 699 3669 circumferentiam
732 3621 857 3666 demissum
876 3620 1018 3684 intelligatur
1034 3620 1103 3667 adli
1118 3621 1148 3677 L,
1164 3620 1358 3681 perpendiculum
1454 3643 1455 3646 ¹

73 3683 93 3729 Ρ
107 3684 133 3728 Η
147 3684 163 3729 S
178 3684 205 3740 P,
227 3691 279 3746 (per
292 3685 370 3746 Hyp.)
387 3701 440 3747 qne
457 3696 549 3746 tempus
559 3696 635 3733 totum
652 3701 699 3750 quo
732 3684 820 3746 equale
832 3684 854 3730 L
867 3685 899 3741 N,
917 3686 961 3732 hoc
972 3685 1163 3746 perpendiculum
1175 3700 1230 3731 curn
1240 3684 1358 3733 ordinata·

70 3747 175 3806 pulsusa
191 3749 210 3794 B
222 3748 252 3794 ad
262 3749 433 3805 Ctransfertur,
443 3750 545 3809 exponit,
558 3761 580 3796 et
589 3749 697 3796 differor·
730 3763 784 3793 rum
798 3747 824 3794 H
838 3749 859 3795 L
871 3758 895 3795 et
908 3748 933 3796 K
944 3750 968 3796 N
979 3747 1110 3796 differendi
1121 3759 1208 3795 etcum
1220 3764 1275 3795 areu
1286 3747 1357 3794 mini·

70 3812 102 3857 tia
115 3811 174 3857 inter
184 3822 277 3872 tempus
288 3824 408 3872 sumptum
421 3813 698 3874 abinitiomotirapuncti
730 3827 770 3858 mo
783 3812 808 3860 K
822 3812 849 3860 H
860 3813 1004 3874 triangulum
1020 3813 1144 3859 constituet
1154 3811 1230 3860 simile
1240 3811 1359 3876 triangulo

71 3875 94 3920 E
106 3886 129 3921 et
141 3887 232 3935 tempus
243 3888 363 3936 sumptum
374 3880 403 3924 ab
414 3877 480 3924 initio
491 3878 568 3924 mattis
578 3878 658 3938 puncti
670 3877 697 3934 F,
732 3875 810 3922 Ion.
847 3877 891 3924 Est
907 3877 980 3939 igitur
995 3877 1018 3924 L
1030 3877 1055 3924 N
1071 3877 1101 3924 ad
1119 3877 1144 3923 K
1157 3876 1193 3934 H,
1211 3885 1239 3923 ut
1256 3876 1269 3924 1
1283 3876 1311 3923 Μ
1328 3874 1358 3924 tri

69 3949 105 3985 est
114 3948 207 3999 tempus
218 3940 277 3986 illud
288 3942 350 4002 quod
362 3941 445 4002 pulsus
455 3941 591 3988 transfertur
597 3943 626 3988 ab
638 3941 699 3989 nat
734 3940 746 3986 l
762 3939 785 3986 0
796 3955 838 3986 acu
851 3940 875 3989 0
888 3941 917 3987 Ρ.

71 4003 99 4049 F.
137 4004 216 4056 Quare
226 4007 246 4051 ai
258 4009 281 4052 P
292 4009 320 4052 Η
329 4009 363 4067 aci
376 4009 398 4054 Ρ
408 4009 438 4054 Η
446 4009 485 4053 St
497 4016 592 4067 eqnnot
608 4017 698 4068 tempure
764 4002 798 4067 (⁸)
812 4008 825 4035 ⁹
838 4007 873 4053 m
883 4007 948 4053 KH
955 4008 987 4052 od
997 4008 1022 4054 Ε
1036 4007 1057 4055 (t
1069 4007 1122 4068 (per
1134 4004 1199 4065 Hyp.
1214 4004 1314 4065 supra).

68 4070 97 4112 ab
113 4070 177 4114 initio
194 4067 269 4115 uratia
282 4073 367 4130 puncti
385 4072 416 4125 Ε,
430 4074 452 4117 Ρ
463 4073 479 4116 1
487 4074 521 4118 vri
533 4074 555 4118 P
566 4073 595 4117 H
604 4074 649 4122 SI,
662 4087 698 4118 a·
764 4067 797 4130 (⁶)
809 4071 822 4098 ‘
841 4072 871 4117 Ut
887 4072 941 4117 ΟΡ
955 4073 986 4116 od
1003 4072 1026 4114 V.
1061 4069 1122 4115 Sunt
1138 4069 1200 4115 anim
1217 4068 1358 4114 circulorum

66 4142 134 4190 ponet
145 4142 234 4193 tempus
245 4136 273 4178 ab
284 4137 351 4180 initio
362 4133 436 4180 matria
443 4138 529 4196 puncti
539 4136 568 4189 Ρ,
580 4149 635 4180 eum
648 4134 697 4180 HI
730 4132 865 4192 peripheria
883 4133 943 4180 PH
957 4134 974 4180 S
986 4134 1042 4181 Pet
1056 4133 1077 4180 B
1091 4133 1111 4180 C
1123 4131 1193 4179 radiis
1204 4132 1253 4180 auis
1266 4132 1289 4178 0
1303 4131 1358 4179 Pet

69 4194 105 4240 vel
118 4196 133 4240 li
145 4195 152 4240 i
164 4205 264 4256 exponat
276 4196 429 4244 differentiam
442 4199 502 4244 inter
511 4200 640 4257 tempusab
653 4198 698 4244 ini·
732 4195 755 4241 V
767 4195 955 4256 proportionales.

68 4260 103 4305 tio
114 4259 193 4306 motin
203 4261 284 4320 puncti
303 4261 334 4317 E,
355 4271 378 4308 et
392 4271 485 4323 tempus
495 4264 524 4311 ab
535 4261 601 4309 initio
617 4261 699 4310 similia
764 4259 825 4322 (')⁰
844 4264 875 4309 Ut
896 4263 958 4306 Ρ-
969 4263 1027 4309 IM
1039 4265 1069 4308 nd
1090 4263 1117 4307 V.
1152 4259 1218 4315 Quia
1236 4257 1299 4305 enirn
1317 4261 1357 4323 (cx

68 4323 336 4383 nrotdspunrtiF,&c.
732 4362 747 4409 d
821 4324 1109 4411 Ι’Ν-ΕΟΧΙΜ
1153 4362 1241 4410 ,tEG
1298 4363 1358 4411 Η

102 4387 137 4450 (⁷)
152 4391 163 4417 ·
176 4392 289 4450 AEquaas
304 4391 423 4451 aaran
440 4393 491 4454 (par
503 4391 572 4452 rap.
587 4389 648 4438 an.
663 4389 699 4437 aa
748 4365 807 4424 εἴηΑ)
891 4399 925 4409 -
1015 4402 1036 4446 v
1079 4407 1083 4415 ‚
1112 4379 1160 4421 2⁶²¹
1253 4389 1286 4401 ·

70 4452 364 4513 xxxvllt.Lita1.).
781 4465 1137 4521 νχΕῦ-ῐΜχΕρ
1209 4504 1215 4516 ,

100 4516 137 4575 (²)
152 4520 164 4544 ’
177 4519 238 4564 Seu:
252 4539 269 4578 7
285 4527 318 4565 ert
331 4521 428 4568 tutando
446 4536 486 4567 reu
503 4522 609 4581 exportato
624 4522 700 4580 partia
731 4523 766 4550 Ε
951 4545 972 4591 v
1138 4515 1181 4561 ’ω
1191 4505 1278 4554 tincti
1292 4504 1360 4552 ⁰⁸¹·

68 4583 138 4626 medii
151 4583 175 4627 Ε
190 4584 218 4635 (ι’,
231 4585 256 4628 t'n
266 4585 313 4629 loco
326 4602 333 4629 t
345 4603 370 4643 γ,
382 4584 438 4645 quia
446 4597 560 4643 punctum
572 4583 593 4629 E
603 4582 699 4631 transi!-
736 4607 756 4654 L
768 4607 795 4654 N
806 4607 835 4653 nd
849 4608 871 4655 Ε
885 4608 908 4654 G
920 4618 947 4654 u,
959 4606 983 4652 v
992 4634 1026 4646 -
1039 4607 1050 4655 1
1065 4608 1094 4655 M
1104 4607 1135 4655 d
1148 4607 1171 4653 v
1209 4607 1243 4655 Et
1254 4607 1360 4654 similitu

68 4655 120 4689 tum
132 4656 166 4691 est
183 4644 206 4689 in
224 4645 303 4691 locum
316 4665 332 4701 r,
350 4658 372 4692 et
384 4658 497 4707 punctum
512 4649 532 4694 (3
547 4648 570 4693 in
583 4647 660 4693 locum
672 4668 697 4707 7.
732 4673 763 4717 ob
777 4671 799 4718 L
812 4672 836 4718 N
847 4691 881 4716 =
893 4672 902 4717 l
914 4687 937 4728 n,
946 4683 970 4718 e,
982 4671 994 4719 1
1008 4672 1036 4718 Μ
1048 4691 1083 4717 =
1094 4671 1103 4718 i
1114 4687 1146 4730 m,
1157 4639 1202 4721 ἐή(
1213 4672 1236 4720 E
1248 4672 1271 4721 G
1281 4670 1360 4737 41„

100 4726 214 4790 (¹)·A‹t
232 4733 255 4778 E
275 4733 304 4779 G.
341 4732 405 4778 Nam
426 4731 482 4780 cum
506 4733 538 4789 Ε,
561 4733 588 4790 1³,
612 4733 632 4780 G
655 4733 702 4779 siat
733 4734 1095 4801 mEGurv-t-tmadv.
