3098 5534
110 393 399 476 LtnniiSncuiu'i.]
431 390 678 462 PRINCIPIA'
698 392 1087 462 MATHnMsulcm
1160 436 1161 440 =
1331 404 1397 466 iss

109 567 259 645 haereant,
275 567 407 652 perinde
421 579 457 632 ut
471 568 505 633 in
519 568 638 633 scholio
651 569 878 654 Propositionis
893 569 1100 654 proecedentis
1111 569 1254 654 exposui.
1288 567 1406 658 Agitur

108 677 190 740 enim
207 677 239 738 in
255 659 456 761 sequentibus
472 677 513 741 de
527 676 701 742 resistentid
712 677 853 741 omnium
864 676 992 745 minimi
1004 699 1099 763 quam
1110 699 1246 761 corpora
1255 675 1402 755 rotunda,

108 783 188 848 datis
203 784 347 847 maximis
364 783 553 848 sectionibus
568 784 751 849 transversis
765 783 931 870 descripta,
947 784 1064 848 habere
1078 796 1220 868 possunt.

121 916 124 920 “
153 894 296 978 Corpora
309 892 415 957 fluidis
430 894 619 970 innatantia,
637 893 691 958 ubi
712 904 876 957 moventur
891 893 924 956 in
939 892 1102 969 duemum,
1127 891 1265 957 efficiunt
1279 902 1316 957 ut
1328 890 1401 957 flui-

108 999 185 1062 dum
210 999 251 1062 ad
275 1012 398 1085 partem
421 1000 555 1063 anticam
581 999 738 1078 ascendat,
765 999 805 1063 ad
827 1000 978 1084 posticam
1004 999 1154 1077 subsidat,
1179 999 1402 1083 praesertimsi

107 1108 210 1195 figura
225 1108 287 1170 sint
302 1107 431 1183 obtusa3
457 1120 489 1172 et
508 1107 583 1171 inde
605 1107 812 1171 resistentiam
834 1107 929 1192 paulo
943 1107 1092 1192 majorem
1107 1105 1245 1171 dentiunt
1259 1105 1353 1193 quim
1374 1107 1402 1172 si

107 1215 208 1297 capita
224 1226 256 1277 et
271 1212 370 1277 caudi
386 1214 449 1278 sint
461 1215 571 1278 acutis.
617 1214 661 1278 Et
681 1236 814 1300 corpora
840 1216 874 1279 in
894 1215 998 1279 fluidis
1020 1215 1152 1280 clasticis
1167 1229 1263 1294 mota,
1287 1217 1402 1282 siante

108 1338 227 1410 etpost
241 1324 354 1389 obtusa
368 1326 439 1404 sint,
455 1325 588 1390 fluidum
601 1325 697 1410 paulo
712 1326 811 1412 magis
826 1327 1019 1390 condensans
1033 1325 1075 1390 ad
1089 1327 1222 1394 anticam
1231 1338 1355 1412 partem
1369 1338 1402 1392 et

107 1435 203 1520 paulo
217 1434 318 1522 magis
339 1433 481 1498 relaxant
503 1433 543 1497 ad
563 1435 733 1518 posticam3
760 1447 792 1498 et
813 1434 886 1498 inde
907 1434 1113 1498 resistentiam
1133 1433 1228 1517 paulo
1249 1435 1400 1518 majorem

107 1548 243 1613 sentiunt
257 1569 353 1633 quam
367 1547 393 1611 si
407 1546 509 1630 capite
523 1557 556 1609 et
569 1545 668 1610 caudi
686 1546 748 1611 sint
762 1547 871 1610 acutis,
918 1544 982 1611 Sed
996 1567 1054 1608 nos
1068 1544 1101 1607 in
1115 1544 1165 1610 his
1180 1545 1352 1611 Lemmatis
1367 1557 1401 1613 et

108 1651 381 1739 Propositionibus
395 1673 460 1716 non
476 1654 597 1739 agimus
611 1652 652 1716 de
665 1652 769 1718 fluidis
783 1652 927 1730 elasticis,
951 1651 1007 1716 sed
1022 1652 1064 1716 de
1078 1674 1145 1718 non
1160 1653 1293 1720 clasticis
1301 1679 1311 1730 ς
1332 1676 1399 1720 nou

108 1760 149 1825 de
165 1759 369 1824 insidentibus
381 1759 489 1836 fluido,
506 1757 561 1822 sed
577 1758 617 1823 dc
631 1758 693 1823 alte
707 1759 870 1823 immersis.
915 1759 959 1825 Et
973 1758 1027 1823 ubi
1042 1759 1217 1828 resistentia
1230 1784 1398 1848 corporum

106 1869 140 1932 in
153 1868 258 1932 fluidis
273 1890 337 1931 non
349 1866 482 1931 elasticis
494 1866 669 1943 innotescit,
685 1866 830 1953 augenda
840 1866 899 1930 erit
909 1866 979 1930 haec
989 1866 1163 1931 resistentia
1173 1867 1399 1955 aliquantidum

108 1991 174 2041 tarn
189 1977 223 2038 in
241 1976 346 2039 fluidis
366 1974 516 2052 eiasticis3
539 1972 638 2060 qualis
660 1986 706 2036 ost
727 1977 791 2052 adr,
818 1972 912 2060 quim
932 1974 964 2036 in
985 1974 1206 2060 superficiebus
1230 1976 1399 2043 fluidorum

108 2081 327 2170 stagnantium,
345 2080 449 2167 qualia
463 2093 536 2146 sunt
549 2079 694 2146 mariaet
706 2079 845 2166 paludes.

272 2338 556 2406 PROPOSITIO
579 2337 783 2406 XXXVHI.
829 2336 1101 2408 THEOREMA
1123 2340 1240 2408 XXX.

110 2512 212 2594 Gladi,
234 2518 266 2579 in
273 2518 380 2604 fluida
394 2537 557 2598 compresso
571 2516 694 2599 infinito
707 2524 738 2580 et
751 2535 812 2579 non
826 2513 948 2579 elastico
960 2514 1153 2599 nnpfannitcr
1161 2516 1397 2599 progredientis,

149 2623 320 2688 resistentia
335 2633 378 2687 est
392 2626 435 2687 ad
449 2626 508 2687 nim
523 2621 582 2708 qud
597 2634 675 2687 totns
689 2623 752 2707 ejus
765 2633 867 2701 mona,
884 2636 943 2706 qa'o
955 2631 1086 2705 tempore
1099 2632 1165 2685 acto
1173 2624 1283 2685 tertias
1291 2635 1400 2705 parter

111 2760 113 2765 ’
150 2733 293 2794 diametri
306 2751 368 2794 siiae
382 2732 531 2809 describit,
554 2734 601 2796 ael
615 2734 684 2796 tolli
697 2735 796 2815 possit
810 2735 858 2796 ael
867 2733 1022 2816 generari
1044 2741 1078 2794 at
1093 2733 1225 2796 deruitm
1233 2733 1337 2817 fluidi
1357 2736 1401 2797 ad

152 2843 329 2907 densitatem
341 2844 426 2928 globi
440 2839 671 2928 qraamproriaid.

151 3014 186 3101 (¹)
203 3014 286 3080 Nam
308 3016 422 3103 globus
442 3028 491 3081 est
511 3016 553 3082 ad
572 3016 749 3104 cylindrum
770 3016 1039 3102 circumscriptum
1061 3027 1102 3081 ut
1117 3015 1181 3080 duo
1202 3015 1243 3081 ad
1265 3017 1341 3094 tria3
1367 3027 1400 3080 et
1423 3009 1436 3017 ’

106 3135 275 3207 propterea
289 3125 335 3189 vis
350 3125 412 3203 illa,
429 3146 502 3212 quae
516 3125 627 3191 tollere
640 3126 739 3211 possit
751 3137 872 3192 motum
887 3147 1013 3190 omnem
1031 3124 1162 3211 cylindri
1183 3126 1303 3190 interea
1323 3125 1399 3189 dum

106 3229 267 3315 cylindrus
293 3231 449 3295 describat
471 3232 701 3318 longitudinem
730 3243 864 3318 quatuor
892 3231 1127 3309 diametrorum,
1158 3231 1246 3320 globi
1274 3246 1396 3297 motum

108 3360 234 3402 omnem
248 3339 337 3405 tollet
352 3340 473 3405 interea
486 3340 563 3407 dum
577 3340 691 3428 globus
714 3339 870 3406 descrssrat
884 3340 962 3405 duas
977 3341 1083 3405 tertias
1094 3354 1198 3424 partes
1220 3340 1313 3427 hujus
1329 3342 1398 3406 lon·

105 3445 265 3532 gitudinis,
282 3447 315 3511 id
330 3460 386 3526 est,
403 3459 475 3511 octo
489 3449 595 3511 tertias
609 3460 714 3532 partes
728 3447 873 3511 diametri
887 3446 1033 3531 propriae.
1079 3447 1269 3511 Resistcntia
1291 3460 1394 3514 auteiu

107 3555 242 3641 cylindri
257 3569 305 3620 est
324 3556 365 3620 ad
387 3556 470 3620 hanc
492 3557 557 3620 rim
580 3556 817 3643 quamproxime}
832 3569 867 3621 ut
882 3558 1018 3622 densitas
1041 3557 1129 3620 fluidi
1151 3556 1192 3622 ad
1215 3558 1399 3624 densitatem

106 3664 240 3750 cylindri
254 3664 304 3728 vel
318 3664 404 3751 globi
418 3687 476 3748 per
491 3664 588 3750 Prop.
604 3664 791 3731 XXXVII.
807 3679 838 3731 et
854 3667 1029 3731 resistentia
1042 3667 1129 3755 globi
1144 3668 1272 3754 aqualis
1287 3682 1335 3735 est
1348 3692 1398 3737 rc·

106 3776 253 3840 sistentia
268 3775 401 3860 cylindri
415 3798 473 3860 per
489 3776 577 3841 Lem.
595 3777 635 3840 V.
648 3776 706 3841 Vl.
725 3776 803 3844 VII.
852 3777 893 3853 Q.
910 3801 938 3842 e.
954 3777 985 3842 d.

151 3885 186 3969 (⁸)
204 3884 304 3949 Corol.
323 3892 350 3947 i.
379 3883 567 3964 Globorum,
591 3884 624 3948 in
640 3883 750 3959 mediis
765 3884 951 3969 compressis
966 3884 1106 3964 infinitis,
1128 3886 1311 3952 resistentia
1325 3900 1399 3955 suut

139 4059 172 4126 (⁸)
184 4063 250 4112 Nam
259 4063 337 4124 gladiis
347 4071 379 4111 est
391 4063 422 4109 cd
433 4062 562 4125 cylindrum
579 4059 739 4122 circuminip-
772 4056 836 4122 globi
851 4066 931 4106 motus
946 4056 1092 4105 intercedunt
1103 4065 1158 4104 actu
1171 4057 1250 4104 turtius
1260 4067 1337 4118 parta
1347 4053 1398 4109 ‹iin-

106 4135 159 4174 ticni
169 4137 199 4175 nt
209 4131 254 4174 dna
265 4128 297 4174 ad
307 4129 353 4174 tria
370 4129 438 4189 (iro.
453 4126 506 4174 Liu
520 4123 554 4185 1.)
572 4135 596 4172 et
611 4132 739 4185 pmpteru.
772 4122 840 4171 notet
856 4122 956 4183 proprie
971 4120 1079 4177 describit
1094 4120 1143 4168 tolli
1155 4121 1227 4182 possit
1238 4121 1273 4168 rel
1284 4120 1398 4196 μικτή,

106 4205 163 4238 cum
173 4189 256 4238 ecdem
266 4189 297 4237 sit
307 4190 372 4252 globi
383 4201 406 4236 et
418 4189 517 4251 cylindri
529 4188 631 4236 densitas
647 4186 740 4235 ecdem·
773 4196 807 4234 cst
817 4185 848 4232 sd
859 4186 905 4232 vim
917 4185 1056 4232 uniformem
1067 4184 1114 4247 qui
1125 4194 1188 4232 totus
1198 4183 1296 4246 cylindri
1311 4192 1396 4240 incus,

106 4269 153 4317 que
166 4253 276 4301 velocitas
288 4255 328 4317 (ex
342 4253 424 4315 Hyp)
443 4253 562 4316 qusntiics
578 4251 657 4299 motus
675 4251 739 4314 globi
771 4259 933 4313 quotcinpors
943 4248 1115 4312 longitudinem
1122 4249 1398 4313 qusiuordicmctruium

105 4317 191 4366 ast-sd
207 4317 361 4381 quantitataem
380 4316 460 4365 motus
476 4315 577 4380 cylindri
598 4325 625 4363 ui
644 4315 693 4363 dno
709 4315 739 4362 sd
771 4313 835 4378 globi
846 4312 954 4361 describit
964 4313 999 4360 vel
1008 4313 1059 4360 tolli
1070 4313 1106 4360 vel
1116 4311 1222 4377 gesmari
1233 4311 1306 4374 possit
1315 4308 1399 4363 utduo

106 4381 160 4437 tria,
178 4391 203 4428 ct
222 4392 315 4442 ternpus
333 4396 381 4444 quo
416 4380 483 4428 lubus
501 4390 555 4428 ocio
570 4380 650 4426 tertias
664 4387 740 4440 partes
771 4376 858 4426 maia
872 4375 1051 4425 directdstduo
1067 4377 1097 4425 ad
1110 4375 1264 4434 trisinrmd,
1277 4375 1399 4433 &imin

106 4446 215 4494 diametri
234 4445 336 4506 propn'oe
351 4397 500 4494 uniibtniitci
518 4443 636 4500 describit,
659 4453 695 4492 asi
708 4442 739 4491 cd
770 4441 860 4490 ratione
871 4440 1014 4506 :qualitatis
1050 4443 1274 4493 immanem
1291 4442 1397 4507 audititi,

106 4520 200 4570 teinpus
210 4524 258 4572 quo
268 4509 389 4571 cylindrus
399 4509 482 4556 cidem
494 4507 608 4556 uniformi
619 4505 740 4555 velocitate
772 4507 815 4555 dra.
1353 4544 1357 4551 .

106 4573 269 4637 q'lssdl'upmm
290 4572 446 4638 longitudini!
466 4588 524 4629 ⁸112,
550 4589 591 4620 “ll
615 4571 740 4620 dum
802 4571 839 4684 g)
857 4575 871 4603 ο
894 4571 966 4621 Μ
989 4574 1011 4618 Ῑο
1047 4569 1115 4619 PM
1134 4585 1177 4633 pfl*
1199 4571 1254 4621 cof·
1279 4576 1301 4621 ds
1324 4568 1394 4633 m

107 4634 740 4699 tertimdisnietruiuinglobidsscribit,ctisiiiutduo
773 4634 801 4684 ii
831 4634 934 4693 xvii,
952 4632 1013 4698 qu&
1027 4633 1156 4684 mdc
1170 4633 1236 4698 gisb
1252 4631 1398 4701 11mess

107 4700 200 4751 maie
237 4701 406 4765 Qusis(l'18)
424 4700 459 4749 ris
473 4699 599 4751 nullm
613 4698 661 4764 qui
676 4707 741 4751 mis
771 4697 1198 4764 Wqflnffiifflmdpti·
