3098 5534
71 393 184 461 imi
198 394 368 473 Sicorin]
417 389 676 467 intinctum.
691 389 1066 476 ΜΑΤΗΕΜΑΤΙΟᾼ.
1305 400 1369 477 227

234 650 518 719 PROPOSITIO
541 648 728 715 XXXVII.
774 646 1046 714 THEOREMA
1070 648 1206 714 XXIX.

73 826 223 913 cylindri,
240 827 294 909 qni
308 827 341 887 in
350 826 457 910 fluido
472 843 634 904 compresso
657 822 777 901 infinito
792 830 821 883 et
835 841 895 882 non
917 822 1039 884 elostico
1057 825 1213 885 secundum
1234 824 1366 906 longitu·
1452 896 1455 902 ¹

114 936 213 998 dinem
229 955 312 997 neom
323 932 514 1016 unffosnnitcr
519 931 727 1014 progreditur,
741 931 924 1005 resistentia,
941 932 1145 1012 quicorituro
1156 934 1366 1015 magnitudine

113 1041 252 1105 sectionis
273 1049 460 1114 transversae,
484 1046 527 1099 est
540 1037 583 1098 od
597 1037 655 1098 oim
673 1033 733 1117 qud
751 1044 830 1097 totns
846 1034 909 1117 ejus
927 1046 1030 1111 notus,
1062 1039 1179 1099 intereo
1199 1041 1267 1100 dum
1289 1061 1365 1121 quio·

113 1148 257 1230 &qiu
267 1145 468 1228 longitudinis
480 1162 544 1206 nice
553 1141 702 1215 describit,
719 1142 766 1203 oei
776 1141 844 1202 cotti
852 1142 950 1221 possit
962 1143 1167 1224 oeigenerori,
1183 1154 1217 1207 ut
1231 1147 1380 1213 densitas·

113 1257 207 1320 medii
220 1257 264 1319 od
277 1255 453 1318 denuitatem
467 1253 602 1337 cylindri
613 1244 849 1335 qucrimonia?-
1010 1273 1012 1276 ’

117 1430 200 1494 Nam
223 1431 248 1492 si
270 1452 324 1493 vas
347 1429 378 1492 A
395 1429 424 1492 Β
440 1426 472 1490 D
490 1427 518 1491 C
539 1425 639 1490 fundo
661 1448 719 1490 suo
745 1425 773 1489 C
797 1425 830 1490 D
856 1423 1054 1508 superficiem
1077 1449 1168 1510 aquae
1191 1429 1364 1512 stagnantis

70 1548 187 1622 tangat,
212 1547 243 1599 et
257 1557 339 1620 aqua
352 1555 393 1597 eii
407 1533 469 1596 hoc
482 1555 556 1597 vose
570 1554 627 1616 per
642 1533 783 1596 mnulem
798 1530 1004 1616 cylindricum
1028 1531 1057 1594 E
1074 1531 1100 1598 F
1117 1531 1148 1596 T
1164 1532 1188 1596 S
1208 1532 1365 1600 horizonti

67 1644 359 1732 perpendicularem
382 1642 416 1705 in
442 1663 554 1727 aquam
580 1653 776 1729 stagnantem
801 1638 915 1715 effluat,
946 1636 1067 1701 locetur
1090 1652 1193 1702 autem
1219 1640 1363 1707 circellus
1461 1723 1467 1733 ι

70 1751 99 1818 P
114 1752 148 1830 Q
167 1751 322 1814 horizonti
341 1747 508 1834 parallelus
524 1747 673 1825 ubivisin
685 1747 790 1812 medio

69 1858 195 1935 canalis,
218 1870 250 1922 et
270 1856 462 1942 producatur
484 1856 556 1919 CA
574 1855 614 1918 ed
630 1853 672 1934 K,
695 1869 730 1920 ut
751 1856 791 1920 sit
815 1878 817 1882 “
905 1888 907 1893 ·
927 1899 1262 1918 ...

69 1967 101 2032 Α
119 1966 151 2030 K
167 1965 207 2029 ad
224 1965 252 2029 C
270 1963 302 2028 K
324 1963 358 2027 in
377 1961 533 2047 duplicati
554 1963 674 2028 ratione
696 1985 790 2049 quam
881 1912 918 1974 Α
1095 1967 1100 1980 ’

67 2073 164 2138 habet
178 2094 324 2139 excessus
339 2072 451 2136 orificii
467 2071 581 2135 canalis
603 2071 633 2136 E
649 2072 677 2137 F
697 2093 791 2157 supra

68 2181 231 2247 circellum
255 2179 283 2245 P
298 2182 332 2258 Q
346 2181 386 2244 ad
401 2181 561 2245 circellum
577 2182 608 2245 A
624 2181 670 2244 B:
692 2182 791 2244 mnni-

67 2290 182 2354 festum
197 2300 247 2353 est
269 2293 339 2373 (per
356 2289 428 2353 Cas.
442 2296 473 2354 5.
490 2288 562 2352 Cas.
578 2297 608 2354 6.
624 2300 656 2352 et
671 2287 745 2352 Cor.
764 2298 792 2352 1.

68 2502 256 2567 transeuntis
277 2524 335 2585 per
365 2503 501 2586 spatium
531 2503 684 2567 annulare
712 2503 794 2568 inter
838 2509 841 2520 '

69 2610 230 2675 circellum
241 2621 272 2673 et
281 2610 379 2675 latere
390 2610 599 2687 vasis,eaerit
608 2631 702 2696 quam
712 2630 793 2694 equa
918 2653 921 2659 -

68 2717 210 2783 cadeudo
225 2728 256 2780 et
270 2738 343 2780 casu
359 2737 417 2780 suo
432 2715 640 2780 describendo
656 2714 804 2780 altitudi-.

68 2847 142 2891 nem
159 2825 191 2889 K
208 2825 237 2889 C
251 2824 301 2887 vel
316 2823 333 2886 1
350 2824 383 2888 G
398 2825 559 2910 acquirere
573 2835 687 2909 potest.
834 2764 839 2931 l

114 2933 158 2998 Et
172 2937 242 3017 (per
259 2931 365 2996 Corol.
385 2941 435 2996 10.
453 2931 549 3017 Prop.
567 2930 750 3008 XXXVI.)
766 2931 791 2992 si
834 2937 839 3031 l

68 3038 149 3105 vasis
175 3036 308 3102 latitudo
329 3038 370 3104 sit
394 3038 526 3118 infinite,
557 3040 596 3124 (⁸)
620 3050 658 3104 ut
678 3038 793 3102 lincoln
834 3037 839 3074 ³

71 3145 141 3209 HI
163 3159 326 3210 evanescet
347 3159 380 3211 et
404 3146 581 3213 altitudines
603 3147 680 3225 IG,
695 3146 742 3211 ·Η
758 3146 791 3210 G

69 3273 251 3345 aequentur:
277 3261 324 3325 vis
345 3285 435 3348 aquoe
449 3262 615 3327 defluentis
629 3262 663 3326 in
678 3262 836 3328 circellum
853 3266 912 3330 erit
926 3264 966 3329 ed
980 3264 1104 3349 pondus
1124 3259 1257 3348 cylindri
1273 3260 1360 3343 cujus

69 3366 151 3430 basis
166 3381 213 3431 est
227 3367 369 3432 circellus
384 3368 436 3432 illc
451 3381 483 3434 et
497 3369 629 3433 altitudo
643 3375 724 3451 esti
743 3369 758 3434 I
776 3371 819 3448 G,
836 3386 870 3436 ut
886 3372 916 3436 E
933 3372 988 3457 Fq
1003 3370 1044 3434 nd
1060 3370 1090 3435 E
1103 3369 1240 3454 Fq-i
1255 3364 1361 3450 PQq

71 3473 317 3558 quamproxIme.
363 3475 447 3539 Nam
470 3478 515 3539 vis
537 3499 637 3562 oquae,
660 3477 700 3560 (ὓ)
716 3477 862 3542 uniformi
885 3492 971 3542 motu
994 3476 1158 3541 defluentis
1179 3482 1236 3559 per
1258 3486 1360 3538 totuin

34 3644 37 3650 ,
71 3579 222 3656 conulem,
255 3579 366 3646 eadem
392 3581 452 3646 erit
480 3582 514 3644 in
543 3581 700 3647 circellum
733 3584 760 3647 P
784 3584 816 3660 Q
846 3587 879 3648 in
908 3583 1094 3671 quicunque
1126 3580 1242 3646 canolis
1271 3593 1360 3665 parte

70 3684 218 3749 locatum.
479 3692 480 3697 ’

117 3791 314 3857 Claudantur
323 3797 390 3880 jam
405 3796 521 3860 canulis
536 3796 656 3860 orificia
671 3796 701 3860 E
711 3797 747 3873 F,
767 3797 840 3875 ST,
856 3809 888 3860 et
902 3797 1049 3861 ascendut
1063 3794 1254 3869 circellusjn
1263 3793 1361 3860 fluido

72 3900 210 3986 undique
231 3924 420 3987 compresso,
444 3919 476 3969 et
489 3927 618 3969 ascensu
640 3927 698 3969 suo
720 3921 812 3993 cogat
829 3929 940 3992 aquam
961 3906 1154 3992 superiorem
1173 3904 1362 3969 descendere

71 4027 128 4090 per
142 4008 276 4090 spatium
291 4008 443 4073 annulare
458 4009 540 4073 inter
554 4010 714 4074 circellum
728 4025 759 4074 et
773 4010 870 4074 latero
884 4012 1016 4075 canulis:
1040 4024 1072 4074 et
1086 4009 1232 4073 velocitas
1247 4008 1363 4074 circelli

71 4116 268 4179 ascendentis
284 4118 343 4181 erit
357 4116 397 4181 ed
412 4119 607 4184 velocitatem
621 4142 711 4205 aquoe
727 4119 943 4187 descendentis
966 4122 1003 4206 (⁰)
1018 4132 1054 4185 ut
1068 4119 1242 4206 differentia
1263 4119 1363 4185 circu·

69 4227 173 4291 lorum
190 4227 219 4291 E
236 4228 309 4293 Fet
325 4230 352 4293 P
368 4229 456 4307 Qnsl
471 4229 623 4294 circulum
646 4230 674 4296 P
690 4229 733 4309 Q,
760 4243 792 4295 et
813 4231 959 4296 velocitas
975 4230 1090 4297 circelli
1106 4229 1300 4296 ascendentis
1321 4227 1363 4292 ad

103 4421 139 4485 (¹)
153 4426 165 4453 ⁶
184 4426 215 4472 Ut
225 4425 307 4471 linteolo
319 4425 350 4472 Η
358 4425 375 4472 1
383 4435 508 4473 evanescat.
546 4424 592 4472 Per
604 4424 658 4473 Cor.
675 4431 696 4473 l.
733 4426 863 4493 uniformes
873 4437 929 4474 sunt
940 4436 967 4475 ut
977 4427 1051 4491 spatio
1061 4427 1142 4476 melem
1151 4437 1254 4487 tempore
1262 4423 1363 4485 dmcrip·

71 4486 141 4547 Pron
158 4486 305 4535 XXXVII.
319 4497 360 4535 aut
372 4490 424 4549 (per
435 4499 482 4536 not.
492 4487 569 4549 m).
732 4500 772 4547 τις
790 4490 831 4537 ned
847 4489 994 4538 iniciendum
1009 4492 1112 4539 circulus
1127 4492 1148 4540 P
1162 4491 1296 4550 Qspnttum
1308 4488 1363 4536 ioli·

102 4550 136 4614 (b)
154 4556 166 4580 ·
185 4555 209 4600 U
229 4553 303 4599 'ormi
318 4561 382 4601 motu
398 4555 520 4617 defluentis
538 4556 591 4616 (per
608 4553 660 4601 Cui.
674 4559 697 4601 6.
732 4554 801 4610 (lum,
812 4570 854 4602 seu
866 4555 996 4616 cylindrum
1011 4554 1097 4610 PQx
1110 4556 1133 4602 R
1144 4554 1258 4610 describit,
1267 4553 1364 4601 descen·

71 4614 143 4673 Prop.
157 4615 210 4664 XX
243 4614 312 4675 Vl.).
732 4618 768 4666 dit
779 4618 1149 4681 aquoequintitashuiccyIIndro
1156 4617 1364 4681 aquilinam·
1425 4659 1432 4671 .

102 4676 137 4742 (⁸)
150 4683 163 4709 ⁰
181 4682 212 4730 Ut
227 4681 356 4747 diffmntio
373 4681 520 4730 naniam.
557 4679 700 4728 velocitates
732 4679 797 4730 terei
814 4682 915 4731 iltitudo
930 4683 1043 4732 seniculis
1057 4697 1099 4744 per
1114 4698 1185 4747 quini
1195 4697 1256 4747 ique
1269 4680 1365 4733 docon-

691 4766 741 4816 Pi
