3098 5534
10 421 12 463 ¹
63 423 177 532 nnn
192 425 340 491 stenen.
387 424 630 494 remorsu
652 422 1025 492 utrusntrrct.
1244 376 1248 383 ’
1290 432 1350 492 ns

61 593 155 658 simul
169 607 369 671 moveantur3
385 608 478 682 atque
492 595 553 659 hoc
567 595 639 660 ideb
654 595 727 682 quio
741 595 849 660 similis
865 609 896 660 et
910 594 1039 682 aequnlis
1054 606 1101 660 est
1112 595 1253 659 omnium
1263 617 1350 679 pres·

60 701 118 778 sio,
142 713 174 765 et
190 714 293 765 motus
307 703 408 765 omnis
423 703 568 767 exclusus
584 704 781 789 supponitur,
804 704 864 766 nisi
879 703 932 788 qui
947 703 1138 788 opressione
1153 702 1205 766 illt
1221 703 1348 767 oriatur.
1466 743 1475 766 ι

60 810 160 895 Atqui
179 832 244 873 non
262 825 393 895 possunt
406 833 513 876 omnes
527 812 568 876 ud
582 825 723 877 centrum
745 813 876 897 propius
899 813 1057 891 accedere,
1081 814 1142 877 nisi
1155 813 1285 876 fluidum
1308 813 1347 875 ud

59 929 201 980 centrum
216 917 441 994 condensetur;
463 931 572 983 contre
586 918 785 1005 hypothesin.
829 918 904 983 Non
918 935 1049 1004 possunt
1056 920 1181 1008 longius
1196 920 1236 983 ab
1252 942 1290 983 eo
1299 942 1349 982 re-

10 1106 13 1121 1
58 1025 179 1103 cedere,
196 1028 255 1090 nisi
270 1027 400 1091 fluidum
415 1028 455 1091 nd
470 1028 749 1092 circumferentiam
764 1028 988 1104 condensetur;
1016 1029 1109 1093 etium
1124 1042 1232 1094 contre
1246 1029 1348 1114 hypo·

10 1128 15 1178 ¹
59 1131 171 1196 thesin.
216 1133 291 1197 Non
312 1148 445 1218 possunt
464 1134 583 1199 servati
607 1134 663 1198 sud
685 1157 705 1199 s
726 1143 834 1199 centro
857 1134 1002 1199 distertii
1025 1136 1144 1199 moveri
1166 1134 1346 1221 inrplngam
1386 1211 1389 1216 Ι

57 1261 286 1327 quamcunque,
313 1244 387 1328 quia
408 1245 477 1329 pnri
502 1247 622 1311 ratione
645 1246 853 1310 movebuntur
879 1247 912 1308 in
935 1247 1059 1334 plagam
1083 1247 1288 1322 contrariam
1314 1248 1348 1309 in

56 1351 166 1437 plagas
179 1363 285 1415 sutem
299 1355 470 1418 contrarias
484 1377 548 1418 non
562 1369 666 1440 potest
678 1374 753 1439 pots
767 1354 887 1431 eadem,
911 1355 1022 1419 eodem
1044 1369 1194 1441 tempore,
1217 1356 1346 1419 moveri.

10 1484 16 1529 t
58 1456 147 1544 Ergo
160 1457 249 1521 fluidi
263 1480 336 1542 pers
349 1460 436 1524 nullo
449 1461 569 1525 deloco
584 1482 641 1526 suo
655 1460 840 1524 movebitur.
885 1460 928 1537 Q.
944 1484 971 1527 o.
986 1462 1017 1526 d.

103 1567 171 1628 eas.
189 1574 220 1631 ε.
245 1565 329 1629 nico
339 1568 416 1648 jam,
433 1552 622 1653 quodsum
637 1568 729 1652 hujus
748 1586 822 1650 par-

57 1684 104 1736 tes
128 1692 237 1735 omnes
261 1671 423 1755 sphaericoe
447 1672 609 1759 aequuliter
637 1685 823 1757 premuntur

56 1776 207 1862 undique.
264 1778 312 1842 Sit
340 1778 424 1842 enim
454 1779 485 1843 E
511 1780 538 1844 F
566 1801 639 1866 pars
671 1778 826 1862 sphaerios

55 1881 155 1960 fluidi,
193 1897 225 1947 et
253 1884 281 1946 si
309 1885 379 1949 haeo
408 1885 547 1972 undique
575 1909 640 1950 non
669 1887 823 1970 premitur

10 2008 15 2071 j
56 1992 227 2076 aeqnaliter,
258 2007 409 2080 augeatur
433 1995 555 2078 pressio
577 1995 690 2070 minor,
721 2014 821 2079 usque

10 2136 15 2180 ,
56 2098 133 2162 dum
155 2100 223 2183 ipse
243 2100 382 2186 undique
404 2115 565 2185 prematur
586 2101 765 2188 oeqnsliter3
792 2115 824 2167 et

10 2242 16 2286 1
55 2217 161 2290 partes
183 2207 261 2290 ejus,
283 2226 341 2290 per
358 2207 476 2271 Casum
488 2208 635 2291 primunr,
659 2225 824 2291 permane·
1012 2262 1063 2304 ’.ἱ
1166 2275 1177 2298 ‚·
1288 2272 1298 2297 ,,

10 2352 15 2397 1
56 2313 137 2378 bunt
150 2314 183 2376 in
197 2310 275 2378 loeis
290 2315 367 2378 suis.
413 2314 477 2379 Sed
498 2327 571 2380 unte
593 2328 715 2380 unctnn
734 2337 824 2400 pres·
870 2329 900 2387 B
1010 2300 1062 2361 “w''

57 2422 177 2485 sionem
185 2422 539 2506 permanebentiulocis
550 2425 623 2501 suis,
633 2446 690 2509 per
703 2424 819 2489 Casum
1226 2403 1237 2426 ἰ

10 2524 16 2568 ¹
56 2530 192 2594 eundem
220 2531 366 2614 primum,
403 2544 435 2595 et
463 2529 622 2595 additione
650 2533 819 2617 pressionis

10 2630 15 2676 ¹
56 2658 147 2700 novae
166 2637 375 2700 movebuntur
389 2636 429 2700 de
444 2637 519 2699 locis
535 2637 606 2714 suis,
623 2659 680 2721 per
695 2636 816 2700 Defini·
870 2633 874 2640 ’

10 2740 15 2784 ¹
56 2745 173 2808 tionem
191 2741 304 2805 Fluidi.
350 2741 432 2818 Quae
447 2741 512 2806 duo
527 2754 712 2829 repugnant.
758 2741 846 2830 Ergo
860 2738 939 2805 ielsb
954 2741 1116 2808 dicebatur
1127 2744 1213 2831 qubd
1227 2749 1350 2833 sphaern

10 2887 11 2892 1
57 2853 209 2916 EFnon
226 2853 363 2939 undique
378 2854 577 2936 premebatur
591 2852 762 2939 aequuliter.
810 2854 852 2931 Q.
864 2877 892 2917 e.
908 2854 939 2916 d.
1155 2884 1158 2888 ·

10 3014 14 3046 ‚
102 2961 170 3023 Cor.
188 2969 217 3024 3.
262 2959 346 3023 Dico
359 2971 512 3044 praeterea
525 2958 611 3045 qnbd
625 2959 819 3025 diversarum
834 2961 970 3047 partium
985 2959 1208 3045 sphaericurum
1220 2956 1366 3049 aequalis'

10 3086 13 3171 ἱ
56 3066 98 3130 sit
110 3066 240 3149 pressio.
286 3066 369 3128 Nam
383 3079 486 3150 partes
501 3066 663 3150 sphaericae
678 3069 834 3153 contiguae
850 3090 883 3131 se
898 3080 1008 3130 mutuo
1022 3083 1171 3150 premunt
1187 3071 1352 3165 [equaliter

10 3191 13 3238 ῑ
55 3176 834 3264 inpunctocontactueperrnotirsLegemtertism.
859 3174 1349 3260 SedetperCasumsecundnm,

56 3286 195 3371 undique
217 3299 404 3370 premuntur
429 3286 539 3350 eidem
560 3287 601 3350 vi.
647 3287 756 3350 Partes
772 3286 868 3373 igitur
882 3284 955 3348 dure
970 3284 1086 3369 quaevis
1101 3285 1266 3368 sphaericae
1287 3308 1352 3349 non
1378 3366 1382 3372 ,

56 3394 222 3479 contiguae,
241 3394 278 3478 (⁸)
291 3394 364 3478 quin
377 3415 450 3476 pars
466 3393 618 3475 sphaerica
630 3392 813 3457 intermedia
828 3404 956 3477 tangere
969 3401 1074 3474 potest
1089 3406 1263 3476 utramque,
1280 3416 1352 3475 pre·

57 3498 308 3563 mentureridem
323 3500 363 3563 vi.
410 3498 451 3575 Q.
468 3521 495 3562 e.
512 3498 542 3561 d.

103 3609 171 3670 Cas.
188 3616 218 3669 4.
263 3608 347 3671 Dico
358 3609 424 3692 jum
440 3605 524 3691 quod
539 3606 628 3670 fluidi
643 3617 747 3691 portes
762 3626 871 3669 omnes
887 3605 1002 3690 ubique
1016 3617 1203 3689 premuntur
1225 3607 1353 3692 aequuli-
1467 3644 1470 3649 -

57 3733 114 3778 ter.
148 3716 229 3778 Nam
241 3729 344 3799 partes
360 3716 431 3779 duae
446 3716 562 3800 quaevis
577 3717 665 3803 tangi
679 3729 811 3799 possunt
824 3739 843 3779 u
857 3716 1000 3799 portibus
1011 3715 1174 3799 sphoericis
1185 3717 1217 3778 in
1229 3719 1353 3800 punctis

23 3886 26 3893 ,
56 3823 303 3910 quibuscunque,
321 3838 352 3890 et
367 3825 409 3888 ibi
424 3837 527 3908 partes
542 3825 610 3888 illus
627 3826 794 3910 sphaericos
808 3825 971 3911 oequaliter
984 3837 1144 3909 premunt,
1161 3849 1219 3911 per
1236 3828 1353 3892 Casum

57 3931 184 3993 tertium
199 3945 229 3994 et
239 3931 372 3995 vicissim
384 3932 424 3996 ab
436 3932 495 3995 illis
511 3933 671 4018 aequaliter
679 3945 874 4018 premuntur,
891 3933 1067 4017 permotis
1084 3934 1203 4021 Legem
1219 3937 1353 3999 tertiam.

95 4062 141 4101 .e.
158 4038 190 4100 d.

59 4039 173 4208 QCas.
191 4155 220 4208 5.
266 4144 348 4208 Ctinr
372 4146 466 4231 igitur
487 4146 574 4209 fluidi
596 4168 669 4229 pars
684 4147 830 4232 quaelibet
847 4145 879 4210 G
897 4146 932 4209 H
949 4146 964 4208 l
982 4146 1014 4207 in
1030 4144 1128 4208 fluido
1143 4145 1264 4229 reliquo
1287 4158 1356 4208 tun·

59 4275 154 4338 quarn
166 4251 197 4312 in
213 4274 285 4314 vase
301 4250 472 4330 claudatur,
489 4267 520 4316 et
535 4252 671 4338 undique
686 4266 845 4335 prematur
859 4250 1030 4337 aequaliter,
1047 4263 1154 4334 partes
1170 4264 1274 4315 autem
1290 4252 1356 4336 ejus

63 4384 97 4424 se
112 4360 222 4422 mutui)
237 4359 397 4445 aequaliter
410 4373 554 4444 premant
576 4373 607 4423 et
629 4362 788 4445 quiescant
809 4361 891 4423 inter
905 4382 956 4435 se;
978 4357 1174 4422 manifestum
1203 4372 1249 4423 est
1270 4357 1356 4446 qubd

95 4558 132 4625 (⁸)
146 4564 158 4590 ⁶
170 4562 411 4624 Quiaporrrpioen'oo
418 4561 551 4611 intermedia
560 4570 651 4623 tongere
658 4576 698 4622 po-
730 4559 996 4622 slisspoetorsphoeriers
1002 4559 1026 4606 in
1032 4559 1126 4620 punctis
1132 4559 1356 4623 contectbspremete

68 4635 110 4680 tert
121 4636 255 4690 utramque.
291 4625 355 4674 Nem
366 4638 419 4686 perr
433 4624 474 4673 ills
489 4623 626 4673 internodia
641 4624 700 4673 duas
731 4631 800 4687 atque
811 4625 841 4672 sb
851 4620 897 4671 illis
907 4633 1026 4686 prometur
1036 4623 1163 4686 equaliter,
1175 4626 1215 4689 (ex
1225 4624 1303 4686 dem.)

96 4703 156 4755 Vos.
173 4710 209 4756 11.
703 4707 715 4753 1
