<?xml version="1.0" encoding="UTF-8"?>
<!DOCTYPE html PUBLIC "-//W3C//DTD XHTML 1.0 Transitional//EN"
    "http://www.w3.org/TR/xhtml1/DTD/xhtml1-transitional.dtd">
<html xmlns="http://www.w3.org/1999/xhtml" xml:lang="en" lang="en">
 <head>
  <title>
</title>
<meta http-equiv="Content-Type" content="text/html;charset=utf-8" />
  <meta name='ocr-system' content='tesseract 3.04.00' />
  <meta name='ocr-capabilities' content='ocr_page ocr_carea ocr_par ocr_line ocrx_word'/>
</head>
<body>
  <div class='ocr_page' id='page_1' title='image "./philosophinatur01newtgoog/philosophinatur01newtgoog_0657.png"; bbox 0 0 3098 5534; ppageno 0'>
   <div class='ocr_carea' id='block_1_1' title="bbox 143 402 1425 485">
    <p class='ocr_par' dir='ltr' id='par_1_1' title="bbox 143 402 1425 485">
     <span class='ocr_line' id='line_1_1' title="bbox 143 402 1425 485; baseline 0.005 -15"><span class='ocrx_word' id='word_1_1' title='bbox 143 412 205 470; x_wconf 74' lang='lat'>140</span> <span class='ocrx_word' id='word_1_2' title='bbox 450 403 790 473; x_wconf 80' lang='lat' dir='ltr'>PHILOSOPHIAE</span> <span class='ocrx_word' id='word_1_3' title='bbox 812 402 1086 470; x_wconf 77' lang='lat' dir='ltr'>NATURALIS</span> <span class='ocrx_word' id='word_1_4' title='bbox 1162 404 1287 485; x_wconf 77' lang='lat' dir='ltr'>[Mos.</span> <span class='ocrx_word' id='word_1_5' title='bbox 1306 406 1425 476; x_wconf 71' lang='lat' dir='ltr'>com</span> 
     </span>
    </p>
   </div>
   <div class='ocr_carea' id='block_1_2' title="bbox 136 576 1425 1208">
    <p class='ocr_par' dir='ltr' id='par_1_2' title="bbox 136 576 1425 1208">
     <span class='ocr_line' id='line_1_2' title="bbox 140 576 1425 664; baseline 0.002 -20"><span class='ocrx_word' id='word_1_6' title='bbox 140 579 317 664; x_wconf 88' lang='lat' dir='ltr'>pondentes</span> <span class='ocrx_word' id='word_1_7' title='bbox 332 579 394 643; x_wconf 90' lang='lat' dir='ltr'>sint</span> <span class='ocrx_word' id='word_1_8' title='bbox 408 590 444 643; x_wconf 91' lang='lat' dir='ltr'>ut</span> <span class='ocrx_word' id='word_1_9' title='bbox 458 591 599 664; x_wconf 88' lang='lat' dir='ltr'>tempora</span> <span class='ocrx_word' id='word_1_10' title='bbox 614 577 841 642; x_wconf 77' lang='lat' dir='ltr'>oscillationnm</span> <span class='ocrx_word' id='word_1_11' title='bbox 855 588 1002 653; x_wconf 85' lang='lat' dir='ltr'>totarum,</span> <span class='ocrx_word' id='word_1_12' title='bbox 1031 577 1075 660; x_wconf 86' lang='lat'>(†)</span> <span class='ocrx_word' id='word_1_13' title='bbox 1087 589 1184 640; x_wconf 86' lang='lat' dir='ltr'>erunt</span> <span class='ocrx_word' id='word_1_14' title='bbox 1201 576 1425 646; x_wconf 70' lang='lat' dir='ltr'>velocitates</span> 
     </span>
     <span class='ocr_line' id='line_1_3' title="bbox 139 685 1425 771; baseline -0.001 -19"><span class='ocrx_word' id='word_1_15' title='bbox 139 689 273 753; x_wconf 88' lang='lat' dir='ltr'>invicem</span> <span class='ocrx_word' id='word_1_16' title='bbox 287 688 321 750; x_wconf 93' lang='lat' dir='ltr'>in</span> <span class='ocrx_word' id='word_1_17' title='bbox 336 687 651 771; x_wconf 87' lang='lat' dir='ltr'>correspondentibus</span> <span class='ocrx_word' id='word_1_18' title='bbox 673 685 901 750; x_wconf 90' lang='lat' dir='ltr'>oscillationum</span> <span class='ocrx_word' id='word_1_19' title='bbox 915 685 1067 768; x_wconf 91' lang='lat' dir='ltr'>partibus,</span> <span class='ocrx_word' id='word_1_20' title='bbox 1091 699 1127 749; x_wconf 93' lang='lat' dir='ltr'>ut</span> <span class='ocrx_word' id='word_1_21' title='bbox 1140 687 1229 750; x_wconf 72' lang='lat' dir='ltr'>virsa</span> <span class='ocrx_word' id='word_1_22' title='bbox 1246 690 1425 754; x_wconf 76' lang='lat' dir='ltr'>motricesr</span> 
     </span>
     <span class='ocr_line' id='line_1_4' title="bbox 138 794 1425 881; baseline 0.001 -20"><span class='ocrx_word' id='word_1_23' title='bbox 138 812 205 862; x_wconf 88' lang='lat' dir='ltr'>tota</span> <span class='ocrx_word' id='word_1_24' title='bbox 235 797 460 861; x_wconf 87' lang='lat' dir='ltr'>oscillationum</span> <span class='ocrx_word' id='word_1_25' title='bbox 490 810 630 880; x_wconf 89' lang='lat' dir='ltr'>tempora</span> <span class='ocrx_word' id='word_1_26' title='bbox 659 794 776 859; x_wconf 78' lang='lat' dir='ltr'>directe</span> <span class='ocrx_word' id='word_1_27' title='bbox 806 806 839 857; x_wconf 90' lang='lat' dir='ltr'>et</span> <span class='ocrx_word' id='word_1_28' title='bbox 866 794 1052 877; x_wconf 75' lang='lat' dir='ltr'>quantitates</span> <span class='ocrx_word' id='word_1_29' title='bbox 1082 794 1227 857; x_wconf 78' lang='lat' dir='ltr'>materiae</span> <span class='ocrx_word' id='word_1_30' title='bbox 1262 798 1425 881; x_wconf 73' lang='lat' dir='ltr'><strong>reciproci</strong></span> 
     </span>
     <span class='ocr_line' id='line_1_5' title="bbox 141 899 1425 990; baseline 0.001 -23"><span class='ocrx_word' id='word_1_31' title='bbox 141 904 276 990; x_wconf 81' lang='lat' dir='ltr'>ideoque</span> <span class='ocrx_word' id='word_1_32' title='bbox 300 905 486 990; x_wconf 83' lang='lat' dir='ltr'>quantitates</span> <span class='ocrx_word' id='word_1_33' title='bbox 501 905 639 968; x_wconf 86' lang='lat' dir='ltr'>materiae</span> <span class='ocrx_word' id='word_1_34' title='bbox 653 916 689 966; x_wconf 92' lang='lat' dir='ltr'>ut</span> <span class='ocrx_word' id='word_1_35' title='bbox 703 904 784 966; x_wconf 87' lang='lat' dir='ltr'>vires</span> <span class='ocrx_word' id='word_1_36' title='bbox 798 912 830 965; x_wconf 91' lang='lat' dir='ltr'>et</span> <span class='ocrx_word' id='word_1_37' title='bbox 844 899 1074 966; x_wconf 85' lang='lat' dir='ltr'>oscillationum</span> <span class='ocrx_word' id='word_1_38' title='bbox 1097 915 1249 986; x_wconf 87' lang='lat' dir='ltr'>tempora</span> <span class='ocrx_word' id='word_1_39' title='bbox 1275 905 1403 971; x_wconf 73' lang='lat' dir='ltr'>directe</span> <span class='ocrx_word' id='word_1_40' title='bbox 1416 931 1425 972; x_wconf 82' lang='grc' dir='ltr'>ι</span> 
     </span>
     <span class='ocr_line' id='line_1_6' title="bbox 136 1011 1425 1100; baseline 0.001 -24"><span class='ocrx_word' id='word_1_41' title='bbox 136 1015 315 1079; x_wconf 79' lang='lat' dir='ltr'>velocitates</span> <span class='ocrx_word' id='word_1_42' title='bbox 345 1013 514 1099; x_wconf 77' lang='lat' dir='ltr'>reciproce.</span> <span class='ocrx_word' id='word_1_43' title='bbox 559 1014 599 1097; x_wconf 69' lang='lat' dir='ltr'>(i)</span> <span class='ocrx_word' id='word_1_44' title='bbox 627 1013 691 1078; x_wconf 84' lang='lat' dir='ltr'>Sed</span> <span class='ocrx_word' id='word_1_45' title='bbox 719 1011 897 1077; x_wconf 84' lang='lat' dir='ltr'>velocitates</span> <span class='ocrx_word' id='word_1_46' title='bbox 921 1012 1079 1094; x_wconf 76' lang='lat' dir='ltr'>reciproce</span> <span class='ocrx_word' id='word_1_47' title='bbox 1109 1025 1185 1075; x_wconf 88' lang='lat' dir='ltr'>sunt</span> <span class='ocrx_word' id='word_1_48' title='bbox 1210 1026 1254 1077; x_wconf 90' lang='lat' dir='ltr'>ut</span> <span class='ocrx_word' id='word_1_49' title='bbox 1286 1027 1425 1100; x_wconf 80' lang='lat' dir='ltr'>tempmr</span> 
     </span>
     <span class='ocr_line' id='line_1_7' title="bbox 136 1118 1425 1208; baseline 0.004 -22"><span class='ocrx_word' id='word_1_50' title='bbox 136 1135 230 1208; x_wconf 91' lang='lat' dir='ltr'>atque</span> <span class='ocrx_word' id='word_1_51' title='bbox 244 1120 315 1186; x_wconf 85' lang='lat' dir='ltr'>ided</span> <span class='ocrx_word' id='word_1_52' title='bbox 330 1133 471 1206; x_wconf 85' lang='lat' dir='ltr'>tempora</span> <span class='ocrx_word' id='word_1_53' title='bbox 486 1121 602 1186; x_wconf 73' lang='lat' dir='ltr'>directi</span> <span class='ocrx_word' id='word_1_54' title='bbox 618 1135 649 1186; x_wconf 89' lang='lat' dir='ltr'>et</span> <span class='ocrx_word' id='word_1_55' title='bbox 663 1121 841 1186; x_wconf 86' lang='lat' dir='ltr'>velocitates</span> <span class='ocrx_word' id='word_1_56' title='bbox 862 1118 1021 1203; x_wconf 76' lang='lat' dir='ltr'>reciproce</span> <span class='ocrx_word' id='word_1_57' title='bbox 1043 1132 1118 1185; x_wconf 92' lang='lat' dir='ltr'>sunt</span> <span class='ocrx_word' id='word_1_58' title='bbox 1130 1136 1167 1186; x_wconf 89' lang='lat' dir='ltr'>nt</span> <span class='ocrx_word' id='word_1_59' title='bbox 1181 1121 1352 1208; x_wconf 73' lang='lat' dir='ltr'>quadrata</span> <span class='ocrx_word' id='word_1_60' title='bbox 1365 1139 1425 1191; x_wconf 86' lang='lat' dir='ltr'>tens</span> 
     </span>
    </p>
   </div>
   <div class='ocr_carea' id='block_1_3' title="bbox 135 1351 1425 1534">
    <p class='ocr_par' dir='ltr' id='par_1_3' title="bbox 135 1351 1425 1534">
     <span class='ocr_line' id='line_1_8' title="bbox 136 1351 1425 1420; baseline -0.004 -14"><span class='ocrx_word' id='word_1_61' title='bbox 136 1369 164 1406; x_wconf 89' lang='lat' dir='ltr'>ut</span> <span class='ocrx_word' id='word_1_62' title='bbox 174 1357 283 1406; x_wconf 79' lang='lat' dir='ltr'>velocitas</span> <span class='ocrx_word' id='word_1_63' title='bbox 292 1356 404 1420; x_wconf 76' lang='lat' dir='ltr'>aequisita</span> <span class='ocrx_word' id='word_1_64' title='bbox 415 1357 439 1404; x_wconf 93' lang='lat' dir='ltr'>in</span> <span class='ocrx_word' id='word_1_65' title='bbox 453 1357 519 1406; x_wconf 79' lang='lat' dir='ltr'>Fest</span> <span class='ocrx_word' id='word_1_66' title='bbox 528 1356 559 1404; x_wconf 78' lang='lat' dir='ltr'>sd</span> <span class='ocrx_word' id='word_1_67' title='bbox 570 1355 712 1404; x_wconf 78' lang='lat' dir='ltr'>velocitatem</span> <span class='ocrx_word' id='word_1_68' title='bbox 723 1370 760 1403; x_wconf 84' lang='lat' dir='ltr'>sc-</span> <span class='ocrx_word' id='word_1_69' title='bbox 793 1353 861 1399; x_wconf 83' lang='lat' dir='ltr'>sitem</span> <span class='ocrx_word' id='word_1_70' title='bbox 873 1351 897 1398; x_wconf 93' lang='lat' dir='ltr'>in</span> <span class='ocrx_word' id='word_1_71' title='bbox 915 1351 938 1398; x_wconf 82' lang='lat' dir='ltr'>E</span> <span class='ocrx_word' id='word_1_72' title='bbox 955 1366 1003 1398; x_wconf 87' lang='lat' dir='ltr'>esse</span> <span class='ocrx_word' id='word_1_73' title='bbox 1019 1351 1050 1399; x_wconf 82' lang='lat' dir='ltr'>sd</span> <span class='ocrx_word' id='word_1_74' title='bbox 1062 1351 1208 1402; x_wconf 67' lang='lat' dir='ltr'>sensnm</span> <span class='ocrx_word' id='word_1_75' title='bbox 1219 1357 1371 1420; x_wconf 70' lang='lat' dir='ltr'>equidm</span> <span class='ocrx_word' id='word_1_76' title='bbox 1381 1359 1425 1407; x_wconf 70' lang='lat' dir='ltr'>hs</span> 
     </span>
     <span class='ocr_line' id='line_1_9' title="bbox 135 1415 1425 1534; baseline -0.004 -65"><span class='ocrx_word' id='word_1_77' title='bbox 135 1422 243 1534; x_wconf 62' lang='lat' dir='ltr'>quiritem</span> <span class='ocrx_word' id='word_1_78' title='bbox 259 1421 312 1468; x_wconf 81' lang='lat' dir='ltr'>int.</span> <span class='ocrx_word' id='word_1_79' title='bbox 349 1421 394 1469; x_wconf 85' lang='lat' dir='ltr'>Sed</span> <span class='ocrx_word' id='word_1_80' title='bbox 412 1422 523 1483; x_wconf 86' lang='lat' dir='ltr'>quoniam</span> <span class='ocrx_word' id='word_1_81' title='bbox 540 1436 606 1469; x_wconf 83' lang='lat' dir='ltr'>arcus</span> <span class='ocrx_word' id='word_1_82' title='bbox 626 1421 649 1467; x_wconf 82' lang='lat' dir='ltr'><strong>E</strong></span> <span class='ocrx_word' id='word_1_83' title='bbox 662 1420 764 1468; x_wconf 75' lang='lat' dir='ltr'>lieret</span> <span class='ocrx_word' id='word_1_84' title='bbox 792 1416 817 1463; x_wconf 90' lang='lat' dir='ltr'>in</span> <span class='ocrx_word' id='word_1_85' title='bbox 828 1416 916 1463; x_wconf 75' lang='lat' dir='ltr'>rasione</span> <span class='ocrx_word' id='word_1_86' title='bbox 927 1415 1042 1476; x_wconf 74' lang='lat' dir='ltr'>reciproci</span> <span class='ocrx_word' id='word_1_87' title='bbox 1053 1419 1293 1495; x_wconf 84' lang='lat' dir='ltr'>temporumquibus</span> <span class='ocrx_word' id='word_1_88' title='bbox 1301 1421 1425 1471; x_wconf 62' lang='lat' dir='ltr'>duum</span> 
     </span>
    </p>
   </div>
   <div class='ocr_carea' id='block_1_4' title="bbox 125 1478 1425 2823">
    <p class='ocr_par' dir='ltr' id='par_1_4' title="bbox 125 1478 1425 2823">
     <span class='ocr_line' id='line_1_10' title="bbox 171 1478 1425 1548; baseline -0.006 -13"><span class='ocrx_word' id='word_1_89' title='bbox 171 1486 277 1548; x_wconf 68' lang='grc' dir='ltr'>Θαίς</span> <span class='ocrx_word' id='word_1_90' title='bbox 294 1496 350 1533; x_wconf 92' lang='lat' dir='ltr'>sunt</span> <span class='ocrx_word' id='word_1_91' title='bbox 363 1485 454 1534; x_wconf 80' lang='lat' dir='ltr'>infinite</span> <span class='ocrx_word' id='word_1_92' title='bbox 472 1484 688 1547; x_wconf 80' lang='lat' dir='ltr'>parvictssqusles,</span> <span class='ocrx_word' id='word_1_93' title='bbox 705 1484 759 1531; x_wconf 86' lang='lat' dir='ltr'>uni·</span> <span class='ocrx_word' id='word_1_94' title='bbox 792 1490 907 1528; x_wconf 84' lang='lat' dir='ltr'>turarcus</span> <span class='ocrx_word' id='word_1_95' title='bbox 921 1480 942 1527; x_wconf 86' lang='lat' dir='ltr'><strong>E</strong></span> <span class='ocrx_word' id='word_1_96' title='bbox 957 1478 983 1536; x_wconf 80' lang='lat' dir='ltr'>F,</span> <span class='ocrx_word' id='word_1_97' title='bbox 996 1480 1210 1539; x_wconf 76' lang='lat' dir='ltr'>etes3bsecvero</span> <span class='ocrx_word' id='word_1_98' title='bbox 1221 1492 1425 1547; x_wconf 54' lang='lat' dir='ltr'>tempnunt</span> 
     </span>
     <span class='ocr_line' id='line_1_11' title="bbox 134 1548 759 1610; baseline -0.002 -14"><span class='ocrx_word' id='word_1_99' title='bbox 134 1550 239 1599; x_wconf 70' lang='lat' dir='ltr'>immitet</span> <span class='ocrx_word' id='word_1_100' title='bbox 248 1549 345 1597; x_wconf 83' lang='lat' dir='ltr'>descnbi</span> <span class='ocrx_word' id='word_1_101' title='bbox 356 1549 464 1597; x_wconf 86' lang='lat' dir='ltr'>censendi</span> <span class='ocrx_word' id='word_1_102' title='bbox 480 1560 542 1606; x_wconf 72' lang='lat' dir='ltr'>sunt,</span> <span class='ocrx_word' id='word_1_103' title='bbox 560 1558 583 1596; x_wconf 87' lang='lat' dir='ltr'>et</span> <span class='ocrx_word' id='word_1_104' title='bbox 593 1558 697 1609; x_wconf 82' lang='lat' dir='ltr'>ternpore</span> <span class='ocrx_word' id='word_1_105' title='bbox 706 1548 759 1610; x_wconf 90' lang='lat' dir='ltr'>qui-</span> 
     </span>
     <span class='ocr_line' id='line_1_12' title="bbox 133 1612 759 1673; baseline -0.002 -12"><span class='ocrx_word' id='word_1_106' title='bbox 133 1615 178 1662; x_wconf 89' lang='lat' dir='ltr'>bus</span> <span class='ocrx_word' id='word_1_107' title='bbox 188 1613 349 1661; x_wconf 74' lang='lat' dir='ltr'>describuntur</span> <span class='ocrx_word' id='word_1_108' title='bbox 358 1622 428 1660; x_wconf 89' lang='lat' dir='ltr'>erunt</span> <span class='ocrx_word' id='word_1_109' title='bbox 436 1614 463 1660; x_wconf 92' lang='lat' dir='ltr'>in</span> <span class='ocrx_word' id='word_1_110' title='bbox 473 1613 561 1660; x_wconf 82' lang='lat' dir='ltr'>ratione</span> <span class='ocrx_word' id='word_1_111' title='bbox 571 1612 687 1673; x_wconf 75' lang='lat' dir='ltr'>reciproci</span> <span class='ocrx_word' id='word_1_112' title='bbox 697 1612 759 1660; x_wconf 82' lang='lat' dir='ltr'>velo-</span> 
     </span>
     <span class='ocr_line' id='line_1_13' title="bbox 134 1675 759 1740; baseline -0.002 -14"><span class='ocrx_word' id='word_1_113' title='bbox 134 1679 240 1733; x_wconf 72' lang='lat' dir='ltr'>einum,</span> <span class='ocrx_word' id='word_1_114' title='bbox 258 1676 356 1740; x_wconf 75' lang='lat' dir='ltr'>ideoque</span> <span class='ocrx_word' id='word_1_115' title='bbox 373 1687 466 1737; x_wconf 88' lang='lat' dir='ltr'>tempus</span> <span class='ocrx_word' id='word_1_116' title='bbox 483 1693 531 1739; x_wconf 91' lang='lat' dir='ltr'>quo</span> <span class='ocrx_word' id='word_1_117' title='bbox 549 1676 685 1724; x_wconf 84' lang='lat' dir='ltr'>describitur</span> <span class='ocrx_word' id='word_1_118' title='bbox 701 1675 725 1723; x_wconf 80' lang='lat' dir='ltr'><strong>E</strong></span> <span class='ocrx_word' id='word_1_119' title='bbox 738 1676 759 1725; x_wconf 72' lang='lat'>1²</span> 
     </span>
     <span class='ocr_line' id='line_1_14' title="bbox 133 1739 759 1816; baseline 0 -28"><span class='ocrx_word' id='word_1_120' title='bbox 133 1751 168 1789; x_wconf 85' lang='lat' dir='ltr'>est</span> <span class='ocrx_word' id='word_1_121' title='bbox 177 1742 207 1789; x_wconf 88' lang='lat' dir='ltr'>sd</span> <span class='ocrx_word' id='word_1_122' title='bbox 218 1750 311 1801; x_wconf 84' lang='lat' dir='ltr'>tempus</span> <span class='ocrx_word' id='word_1_123' title='bbox 316 1755 364 1816; x_wconf 85' lang='lat' dir='ltr'>quo</span> <span class='ocrx_word' id='word_1_124' title='bbox 370 1739 506 1788; x_wconf 82' lang='lat' dir='ltr'>describitur</span> <span class='ocrx_word' id='word_1_125' title='bbox 515 1740 555 1796; x_wconf 83' lang='lat' dir='ltr'>ei,</span> <span class='ocrx_word' id='word_1_126' title='bbox 566 1739 706 1787; x_wconf 78' lang='lat' dir='ltr'>utvelocitss</span> <span class='ocrx_word' id='word_1_127' title='bbox 713 1740 736 1786; x_wconf 91' lang='lat' dir='ltr'>in</span> <span class='ocrx_word' id='word_1_128' title='bbox 745 1757 759 1788; x_wconf 86' lang='lat' dir='ltr'>o</span> 
     </span>
     <span class='ocr_line' id='line_1_15' title="bbox 132 1803 758 1866; baseline 0.002 -14"><span class='ocrx_word' id='word_1_129' title='bbox 132 1803 758 1866; x_wconf 81' lang='lat' dir='ltr'>advelocitatemsnE‚ettarnpusquodescribitrrrFG</span> 
     </span>
     <span class='ocr_line' id='line_1_16' title="bbox 131 1867 762 1944; baseline -0.002 -28"><span class='ocrx_word' id='word_1_130' title='bbox 131 1869 204 1917; x_wconf 82' lang='lat' dir='ltr'>estod</span> <span class='ocrx_word' id='word_1_131' title='bbox 214 1878 306 1930; x_wconf 85' lang='lat' dir='ltr'>ternpus</span> <span class='ocrx_word' id='word_1_132' title='bbox 313 1883 361 1931; x_wconf 90' lang='lat' dir='ltr'>quo</span> <span class='ocrx_word' id='word_1_133' title='bbox 366 1867 501 1916; x_wconf 86' lang='lat' dir='ltr'>describitur</span> <span class='ocrx_word' id='word_1_134' title='bbox 511 1869 526 1915; x_wconf 80' lang='lat' dir='ltr'>f</span> <span class='ocrx_word' id='word_1_135' title='bbox 528 1885 553 1944; x_wconf 69' lang='lat' dir='ltr'>g,</span> <span class='ocrx_word' id='word_1_136' title='bbox 561 1877 589 1914; x_wconf 86' lang='lat' dir='ltr'>ut</span> <span class='ocrx_word' id='word_1_137' title='bbox 595 1867 702 1914; x_wconf 80' lang='lat' dir='ltr'>velocitas</span> <span class='ocrx_word' id='word_1_138' title='bbox 712 1870 736 1914; x_wconf 87' lang='lat' dir='ltr'>in</span> <span class='ocrx_word' id='word_1_139' title='bbox 747 1868 762 1915; x_wconf 75' lang='grc' dir='ltr'>ι’</span> 
     </span>
     <span class='ocr_line' id='line_1_17' title="bbox 131 1931 757 1984; baseline 0 -5"><span class='ocrx_word' id='word_1_140' title='bbox 131 1932 162 1980; x_wconf 86' lang='lat' dir='ltr'>sd</span> <span class='ocrx_word' id='word_1_141' title='bbox 170 1932 313 1980; x_wconf 80' lang='lat' dir='ltr'>velocitatem</span> <span class='ocrx_word' id='word_1_142' title='bbox 324 1933 349 1978; x_wconf 91' lang='lat' dir='ltr'>in</span> <span class='ocrx_word' id='word_1_143' title='bbox 361 1932 387 1984; x_wconf 86' lang='lat' dir='ltr'>F.</span> <span class='ocrx_word' id='word_1_144' title='bbox 399 1933 441 1980; x_wconf 77' lang='lat' dir='ltr'>irc.</span> <span class='ocrx_word' id='word_1_145' title='bbox 453 1932 599 1979; x_wconf 86' lang='lat' dir='ltr'>sodrsuones</span> <span class='ocrx_word' id='word_1_146' title='bbox 610 1931 757 1979; x_wconf 80' lang='lat' dir='ltr'>velocitatem</span> 
     </span>
     <span class='ocr_line' id='line_1_18' title="bbox 130 1994 758 2057; baseline -0.002 -13"><span class='ocrx_word' id='word_1_147' title='bbox 130 1997 156 2044; x_wconf 90' lang='lat' dir='ltr'>ln</span> <span class='ocrx_word' id='word_1_148' title='bbox 167 1996 250 2054; x_wconf 80' lang='lat' dir='ltr'>Eece,</span> <span class='ocrx_word' id='word_1_149' title='bbox 259 1997 283 2042; x_wconf 90' lang='lat' dir='ltr'>in</span> <span class='ocrx_word' id='word_1_150' title='bbox 295 1995 418 2053; x_wconf 58' lang='lat' dir='ltr'>Ferme.</span> <span class='ocrx_word' id='word_1_151' title='bbox 433 1994 758 2057; x_wconf 73' lang='lat' dir='ltr'>suntsemperequslesinter</span> 
     </span>
     <span class='ocr_line' id='line_1_19' title="bbox 129 2059 757 2123; baseline -0.005 -14"><span class='ocrx_word' id='word_1_152' title='bbox 129 2076 162 2115; x_wconf 86' lang='lat' dir='ltr'>se,</span> <span class='ocrx_word' id='word_1_153' title='bbox 175 2074 231 2123; x_wconf 79' lang='lat' dir='ltr'>ergo</span> <span class='ocrx_word' id='word_1_154' title='bbox 241 2070 265 2108; x_wconf 84' lang='lat' dir='ltr'>et</span> <span class='ocrx_word' id='word_1_155' title='bbox 275 2060 374 2107; x_wconf 89' lang='lat' dir='ltr'>rationes</span> <span class='ocrx_word' id='word_1_156' title='bbox 384 2070 515 2121; x_wconf 83' lang='lat' dir='ltr'>temporum</span> <span class='ocrx_word' id='word_1_157' title='bbox 526 2075 579 2123; x_wconf 74' lang='lat' dir='ltr'>que</span> <span class='ocrx_word' id='word_1_158' title='bbox 588 2059 686 2106; x_wconf 81' lang='lat' dir='ltr'>istarum</span> <span class='ocrx_word' id='word_1_159' title='bbox 701 2068 757 2107; x_wconf 77' lang='lat' dir='ltr'>ssent</span> 
     </span>
     <span class='ocr_line' id='line_1_20' title="bbox 130 2123 757 2186; baseline 0.003 -17"><span class='ocrx_word' id='word_1_160' title='bbox 130 2125 227 2172; x_wconf 75' lang='lat' dir='ltr'>inverse</span> <span class='ocrx_word' id='word_1_161' title='bbox 233 2132 289 2171; x_wconf 88' lang='lat' dir='ltr'>sunt</span> <span class='ocrx_word' id='word_1_162' title='bbox 299 2123 398 2186; x_wconf 81' lang='lat' dir='ltr'>ssquslec</span> <span class='ocrx_word' id='word_1_163' title='bbox 407 2124 466 2172; x_wconf 87' lang='lat' dir='ltr'>inter</span> <span class='ocrx_word' id='word_1_164' title='bbox 476 2139 515 2182; x_wconf 70' lang='grc' dir='ltr'>ιιι</span> <span class='ocrx_word' id='word_1_165' title='bbox 526 2139 582 2186; x_wconf 75' lang='lat' dir='ltr'>ergo</span> <span class='ocrx_word' id='word_1_166' title='bbox 590 2132 694 2183; x_wconf 81' lang='lat' dir='ltr'>ternpore</span> <span class='ocrx_word' id='word_1_167' title='bbox 702 2124 757 2186; x_wconf 85' lang='lat' dir='ltr'>qui·</span> 
     </span>
     <span class='ocr_line' id='line_1_21' title="bbox 129 2187 756 2251; baseline 0 -16"><span class='ocrx_word' id='word_1_168' title='bbox 129 2189 174 2235; x_wconf 90' lang='lat' dir='ltr'>bus</span> <span class='ocrx_word' id='word_1_169' title='bbox 181 2187 281 2251; x_wconf 71' lang='lat' dir='ltr'>ungulo</span> <span class='ocrx_word' id='word_1_170' title='bbox 291 2198 367 2247; x_wconf 79' lang='lat' dir='ltr'>portes</span> <span class='ocrx_word' id='word_1_171' title='bbox 377 2202 444 2236; x_wconf 85' lang='lat' dir='ltr'>arcus</span> <span class='ocrx_word' id='word_1_172' title='bbox 455 2189 479 2235; x_wconf 91' lang='lat' dir='ltr'>D</span> <span class='ocrx_word' id='word_1_173' title='bbox 492 2188 512 2236; x_wconf 89' lang='lat' dir='ltr'>C</span> <span class='ocrx_word' id='word_1_174' title='bbox 523 2187 691 2244; x_wconf 84' lang='lat' dir='ltr'>describuntur,</span> <span class='ocrx_word' id='word_1_175' title='bbox 700 2197 756 2235; x_wconf 88' lang='lat' dir='ltr'>sunt</span> 
     </span>
     <span class='ocr_line' id='line_1_22' title="bbox 130 2250 756 2312; baseline -0.002 -14"><span class='ocrx_word' id='word_1_176' title='bbox 130 2250 160 2298; x_wconf 83' lang='lat' dir='ltr'>sd</span> <span class='ocrx_word' id='word_1_177' title='bbox 171 2261 275 2311; x_wconf 83' lang='lat' dir='ltr'>tempora</span> <span class='ocrx_word' id='word_1_178' title='bbox 284 2250 369 2312; x_wconf 89' lang='lat' dir='ltr'>quibus</span> <span class='ocrx_word' id='word_1_179' title='bbox 379 2251 582 2311; x_wconf 72' lang='lat' dir='ltr'>correspondentes</span> <span class='ocrx_word' id='word_1_180' title='bbox 597 2258 674 2312; x_wconf 77' lang='lat' dir='ltr'>partes</span> <span class='ocrx_word' id='word_1_181' title='bbox 688 2265 756 2299; x_wconf 81' lang='grc' dir='ltr'>ιιαιι</span> 
     </span>
     <span class='ocr_line' id='line_1_23' title="bbox 129 2313 755 2377; baseline 0 -14"><span class='ocrx_word' id='word_1_182' title='bbox 129 2313 349 2370; x_wconf 84' lang='lat' dir='ltr'>dcdescribuntur,</span> <span class='ocrx_word' id='word_1_183' title='bbox 360 2315 386 2361; x_wconf 90' lang='lat' dir='ltr'>in</span> <span class='ocrx_word' id='word_1_184' title='bbox 397 2314 479 2362; x_wconf 80' lang='lat' dir='ltr'>eidem</span> <span class='ocrx_word' id='word_1_185' title='bbox 490 2317 585 2372; x_wconf 80' lang='lat' dir='ltr'>mtione,</span> <span class='ocrx_word' id='word_1_186' title='bbox 602 2329 658 2377; x_wconf 73' lang='lat' dir='ltr'>ergo</span> <span class='ocrx_word' id='word_1_187' title='bbox 673 2329 755 2363; x_wconf 85' lang='lat' dir='ltr'>ornnes</span> 
     </span>
     <span class='ocr_line' id='line_1_24' title="bbox 128 2377 753 2442; baseline 0 -16"><span class='ocrx_word' id='word_1_188' title='bbox 128 2378 293 2426; x_wconf 77' lang='lat' dir='ltr'>antecedentes</span> <span class='ocrx_word' id='word_1_189' title='bbox 302 2388 326 2425; x_wconf 82' lang='lat' dir='ltr'>et</span> <span class='ocrx_word' id='word_1_190' title='bbox 336 2393 418 2426; x_wconf 87' lang='lat' dir='ltr'>ornnes</span> <span class='ocrx_word' id='word_1_191' title='bbox 428 2389 595 2442; x_wconf 85' lang='lat' dir='ltr'>consequentes</span> <span class='ocrx_word' id='word_1_192' title='bbox 604 2377 753 2436; x_wconf 87' lang='lat' dir='ltr'>summsudo,</span> 
     </span>
     <span class='ocr_line' id='line_1_25' title="bbox 127 2443 754 2504; baseline 0.002 -14"><span class='ocrx_word' id='word_1_193' title='bbox 127 2443 208 2490; x_wconf 84' lang='lat' dir='ltr'>omnis</span> <span class='ocrx_word' id='word_1_194' title='bbox 217 2443 288 2490; x_wconf 83' lang='lat' dir='ltr'>simul</span> <span class='ocrx_word' id='word_1_195' title='bbox 296 2453 400 2504; x_wconf 78' lang='lat' dir='ltr'>ternpore</span> <span class='ocrx_word' id='word_1_196' title='bbox 407 2443 493 2504; x_wconf 90' lang='lat' dir='ltr'>quibus</span> <span class='ocrx_word' id='word_1_197' title='bbox 500 2453 666 2503; x_wconf 87' lang='lat' dir='ltr'>percurruntur</span> <span class='ocrx_word' id='word_1_198' title='bbox 673 2458 754 2491; x_wconf 82' lang='lat' dir='ltr'>omues</span> 
     </span>
     <span class='ocr_line' id='line_1_26' title="bbox 127 2506 754 2567; baseline -0.002 -12"><span class='ocrx_word' id='word_1_199' title='bbox 127 2520 203 2567; x_wconf 84' lang='lat' dir='ltr'>psrtes</span> <span class='ocrx_word' id='word_1_200' title='bbox 213 2522 280 2554; x_wconf 76' lang='lat' dir='ltr'>arcus</span> <span class='ocrx_word' id='word_1_201' title='bbox 292 2506 317 2554; x_wconf 91' lang='lat' dir='ltr'>D</span> <span class='ocrx_word' id='word_1_202' title='bbox 327 2508 355 2564; x_wconf 85' lang='lat' dir='ltr'>C,</span> <span class='ocrx_word' id='word_1_203' title='bbox 365 2507 411 2553; x_wconf 87' lang='lat' dir='ltr'>hoc</span> <span class='ocrx_word' id='word_1_204' title='bbox 421 2516 462 2563; x_wconf 87' lang='lat' dir='ltr'>est,</span> <span class='ocrx_word' id='word_1_205' title='bbox 474 2517 550 2554; x_wconf 88' lang='lat' dir='ltr'>toturn</span> <span class='ocrx_word' id='word_1_206' title='bbox 561 2517 653 2567; x_wconf 87' lang='lat' dir='ltr'>ternpus</span> <span class='ocrx_word' id='word_1_207' title='bbox 663 2506 754 2554; x_wconf 77' lang='lat' dir='ltr'>oscilla·</span> 
     </span>
     <span class='ocr_line' id='line_1_27' title="bbox 127 2568 754 2632; baseline 0.002 -15"><span class='ocrx_word' id='word_1_208' title='bbox 127 2570 198 2617; x_wconf 90' lang='lat' dir='ltr'>tionis</span> <span class='ocrx_word' id='word_1_209' title='bbox 207 2584 249 2630; x_wconf 90' lang='lat' dir='ltr'>per</span> <span class='ocrx_word' id='word_1_210' title='bbox 267 2571 292 2618; x_wconf 88' lang='lat' dir='ltr'>D</span> <span class='ocrx_word' id='word_1_211' title='bbox 305 2571 334 2625; x_wconf 87' lang='lat' dir='ltr'>C,</span> <span class='ocrx_word' id='word_1_212' title='bbox 352 2581 387 2616; x_wconf 87' lang='lat' dir='ltr'>est</span> <span class='ocrx_word' id='word_1_213' title='bbox 404 2568 435 2617; x_wconf 86' lang='lat' dir='ltr'>sd</span> <span class='ocrx_word' id='word_1_214' title='bbox 453 2571 533 2617; x_wconf 86' lang='lat' dir='ltr'>omnia</span> <span class='ocrx_word' id='word_1_215' title='bbox 550 2581 653 2630; x_wconf 83' lang='lat' dir='ltr'>tempora</span> <span class='ocrx_word' id='word_1_216' title='bbox 668 2571 754 2632; x_wconf 87' lang='lat' dir='ltr'>quibus</span> 
     </span>
     <span class='ocr_line' id='line_1_28' title="bbox 127 2633 753 2696; baseline 0.003 -16"><span class='ocrx_word' id='word_1_217' title='bbox 127 2633 516 2696; x_wconf 78' lang='lat' dir='ltr'>puressrcnrdcpercurruntur,</span> <span class='ocrx_word' id='word_1_218' title='bbox 532 2637 576 2682; x_wconf 85' lang='lat' dir='ltr'>boc</span> <span class='ocrx_word' id='word_1_219' title='bbox 591 2635 753 2683; x_wconf 71' lang='lat' dir='ltr'>oetsdtoturn</span> 
     </span>
     <span class='ocr_line' id='line_1_29' title="bbox 126 2696 753 2759; baseline 0.002 -15"><span class='ocrx_word' id='word_1_220' title='bbox 126 2708 220 2758; x_wconf 87' lang='lat' dir='ltr'>tempus</span> <span class='ocrx_word' id='word_1_221' title='bbox 237 2696 388 2744; x_wconf 81' lang='lat' dir='ltr'>oscillationis</span> <span class='ocrx_word' id='word_1_222' title='bbox 406 2712 447 2757; x_wconf 90' lang='lat' dir='ltr'>per</span> <span class='ocrx_word' id='word_1_223' title='bbox 465 2697 506 2744; x_wconf 92' lang='lat' dir='ltr'>dc</span> <span class='ocrx_word' id='word_1_224' title='bbox 525 2707 552 2745; x_wconf 92' lang='lat' dir='ltr'>ut</span> <span class='ocrx_word' id='word_1_225' title='bbox 568 2708 661 2759; x_wconf 86' lang='lat' dir='ltr'>tempus</span> <span class='ocrx_word' id='word_1_226' title='bbox 676 2712 753 2746; x_wconf 86' lang='lat' dir='ltr'>unum</span> 
     </span>
     <span class='ocr_line' id='line_1_30' title="bbox 125 2760 753 2823; baseline 0.005 -15"><span class='ocrx_word' id='word_1_227' title='bbox 125 2760 753 2823; x_wconf 74' lang='lat' dir='ltr'>quoquoedunpsrsercusDCpereursitur‚estsd</span> 
     </span>
    </p>
   </div>
   <div class='ocr_carea' id='block_1_5' title="bbox 125 2823 752 2943">
    <p class='ocr_par' dir='ltr' id='par_1_5' title="bbox 125 2823 752 2943">
     <span class='ocr_line' id='line_1_31' title="bbox 125 2823 752 2943; baseline 0.003 -72"><span class='ocrx_word' id='word_1_228' title='bbox 125 2833 218 2934; x_wconf 58' lang='lat' dir='ltr'>tetrnpus</span> <span class='ocrx_word' id='word_1_229' title='bbox 228 2840 276 2943; x_wconf 44' lang='lat' dir='ltr'>qoeuo</span> <span class='ocrx_word' id='word_1_230' title='bbox 283 2840 336 2936; x_wconf 68' lang='lat' dir='ltr'>pedes</span> <span class='ocrx_word' id='word_1_231' title='bbox 346 2823 526 2886; x_wconf 81' lang='lat' dir='ltr'>correspondens</span> <span class='ocrx_word' id='word_1_232' title='bbox 536 2840 603 2873; x_wconf 81' lang='lat' dir='ltr'>arcus</span> <span class='ocrx_word' id='word_1_233' title='bbox 612 2824 649 2873; x_wconf 89' lang='lat' dir='ltr'>dc</span> <span class='ocrx_word' id='word_1_234' title='bbox 659 2841 752 2887; x_wconf 85' lang='lat' dir='ltr'>percur-</span> 
     </span>
     <span class='ocr_line' id='line_1_32' title="bbox 125 2901 292 2935; baseline 0 -1"><span class='ocrx_word' id='word_1_235' title='bbox 125 2901 145 2934; x_wconf 92' lang='lat' dir='ltr'>rr</span> <span class='ocrx_word' id='word_1_236' title='bbox 156 2903 191 2934; x_wconf 87' lang='lat' dir='ltr'>ur.</span> <span class='ocrx_word' id='word_1_237' title='bbox 272 2903 292 2935; x_wconf 84' lang='lat' dir='ltr'>e.</span> 
     </span>
    </p>
   </div>
   <div class='ocr_carea' id='block_1_6' title="bbox 117 2990 753 4257">
    <p class='ocr_par' dir='ltr' id='par_1_6' title="bbox 117 2990 753 4257">
     <span class='ocr_line' id='line_1_33' title="bbox 157 2990 752 3059; baseline 0.008 -18"><span class='ocrx_word' id='word_1_238' title='bbox 157 2990 196 3054; x_wconf 69' lang='lat' dir='ltr'>(i)</span> <span class='ocrx_word' id='word_1_239' title='bbox 208 2995 290 3042; x_wconf 72' lang='lat' dir='ltr'>aruns</span> <span class='ocrx_word' id='word_1_240' title='bbox 301 2995 426 3043; x_wconf 59' lang='lat' dir='ltr'>Mentores</span> <span class='ocrx_word' id='word_1_241' title='bbox 436 2999 469 3044; x_wconf 81' lang='lat' dir='ltr'>od</span> <span class='ocrx_word' id='word_1_242' title='bbox 478 2998 575 3044; x_wconf 76' lang='grc' dir='ltr'>ιἰιιίαιιι</span> <span class='ocrx_word' id='word_1_243' title='bbox 585 2998 612 3045; x_wconf 79' lang='lat' dir='ltr'>in</span> <span class='ocrx_word' id='word_1_244' title='bbox 622 3012 752 3059; x_wconf 70' lang='lat' dir='ltr'>correspon-</span> 
     </span>
     <span class='ocr_line' id='line_1_34' title="bbox 126 3058 753 3120; baseline 0.008 -16"><span class='ocrx_word' id='word_1_245' title='bbox 126 3058 232 3105; x_wconf 70' lang='lat' dir='ltr'>dentibus</span> <span class='ocrx_word' id='word_1_246' title='bbox 242 3059 409 3106; x_wconf 64' lang='lat' dir='ltr'>oscillationem</span> <span class='ocrx_word' id='word_1_247' title='bbox 416 3062 531 3120; x_wconf 74' lang='lat' dir='ltr'>portibus.</span> <span class='ocrx_word' id='word_1_248' title='bbox 544 3069 571 3108; x_wconf 82' lang='lat' dir='ltr'>at</span> <span class='ocrx_word' id='word_1_249' title='bbox 583 3063 639 3108; x_wconf 81' lang='lat' dir='ltr'>nim</span> <span class='ocrx_word' id='word_1_250' title='bbox 649 3064 753 3109; x_wconf 58' lang='lat' dir='ltr'>murices</span> 
     </span>
     <span class='ocr_line' id='line_1_35' title="bbox 126 3123 750 3186; baseline 0.008 -19"><span class='ocrx_word' id='word_1_251' title='bbox 126 3129 150 3167; x_wconf 81' lang='lat' dir='ltr'>et</span> <span class='ocrx_word' id='word_1_252' title='bbox 160 3129 206 3168; x_wconf 86' lang='lat' dir='ltr'>toto</span> <span class='ocrx_word' id='word_1_253' title='bbox 217 3123 385 3170; x_wconf 72' lang='lat' dir='ltr'>oscillationem</span> <span class='ocrx_word' id='word_1_254' title='bbox 396 3132 497 3185; x_wconf 81' lang='lat' dir='ltr'>temporo</span> <span class='ocrx_word' id='word_1_255' title='bbox 508 3123 590 3172; x_wconf 74' lang='lat' dir='ltr'>directi</span> <span class='ocrx_word' id='word_1_256' title='bbox 601 3134 623 3171; x_wconf 87' lang='lat' dir='ltr'>et</span> <span class='ocrx_word' id='word_1_257' title='bbox 633 3128 750 3186; x_wconf 76' lang='lat' dir='ltr'>qwntito-</span> 
     </span>
     <span class='ocr_line' id='line_1_36' title="bbox 123 3185 751 3246; baseline 0.005 -14"><span class='ocrx_word' id='word_1_258' title='bbox 123 3193 157 3232; x_wconf 79' lang='lat' dir='ltr'>tes</span> <span class='ocrx_word' id='word_1_259' title='bbox 167 3187 270 3232; x_wconf 76' lang='lat' dir='ltr'>materia</span> <span class='ocrx_word' id='word_1_260' title='bbox 280 3185 399 3246; x_wconf 72' lang='lat' dir='ltr'>reciproci.</span> <span class='ocrx_word' id='word_1_261' title='bbox 420 3191 432 3216; x_wconf 77' lang='lat'>⁸</span> <span class='ocrx_word' id='word_1_262' title='bbox 444 3187 481 3234; x_wconf 82' lang='lat' dir='ltr'>Es</span> <span class='ocrx_word' id='word_1_263' title='bbox 488 3187 683 3235; x_wconf 85' lang='lat' dir='ltr'>demonstratione</span> <span class='ocrx_word' id='word_1_264' title='bbox 690 3200 751 3235; x_wconf 77' lang='lat' dir='ltr'>notes</span> 
     </span>
     <span class='ocr_line' id='line_1_37' title="bbox 124 3247 751 3312; baseline 0.006 -17"><span class='ocrx_word' id='word_1_265' title='bbox 124 3248 248 3308; x_wconf 87' lang='lat' dir='ltr'>superioris</span> <span class='ocrx_word' id='word_1_266' title='bbox 258 3247 331 3312; x_wconf 87' lang='lat' dir='ltr'>liquet</span> <span class='ocrx_word' id='word_1_267' title='bbox 342 3249 473 3298; x_wconf 86' lang='lat' dir='ltr'>velocitates</span> <span class='ocrx_word' id='word_1_268' title='bbox 484 3251 509 3297; x_wconf 92' lang='lat' dir='ltr'>in</span> <span class='ocrx_word' id='word_1_269' title='bbox 520 3251 751 3311; x_wconf 80' lang='lat' dir='ltr'>correspondentibus</span> 
     </span>
     <span class='ocr_line' id='line_1_38' title="bbox 124 3313 751 3376; baseline 0.01 -18"><span class='ocrx_word' id='word_1_270' title='bbox 124 3313 227 3372; x_wconf 73' lang='lat' dir='ltr'>partibus</span> <span class='ocrx_word' id='word_1_271' title='bbox 237 3327 286 3360; x_wconf 83' lang='lat' dir='ltr'>esse</span> <span class='ocrx_word' id='word_1_272' title='bbox 297 3327 379 3361; x_wconf 86' lang='lat' dir='ltr'>omnes</span> <span class='ocrx_word' id='word_1_273' title='bbox 389 3314 414 3359; x_wconf 91' lang='lat' dir='ltr'>in</span> <span class='ocrx_word' id='word_1_274' title='bbox 425 3314 506 3362; x_wconf 75' lang='lat' dir='ltr'>eidem</span> <span class='ocrx_word' id='word_1_275' title='bbox 514 3316 610 3371; x_wconf 78' lang='lat' dir='ltr'>ratione,</span> <span class='ocrx_word' id='word_1_276' title='bbox 617 3313 751 3376; x_wconf 75' lang='lat' dir='ltr'>ideoqueut</span> 
     </span>
     <span class='ocr_line' id='line_1_39' title="bbox 124 3375 748 3442; baseline 0.008 -21"><span class='ocrx_word' id='word_1_277' title='bbox 124 3375 232 3424; x_wconf 84' lang='lat' dir='ltr'>velocitss</span> <span class='ocrx_word' id='word_1_278' title='bbox 248 3376 360 3438; x_wconf 78' lang='lat' dir='ltr'>acquisito</span> <span class='ocrx_word' id='word_1_279' title='bbox 369 3377 395 3423; x_wconf 93' lang='lat' dir='ltr'>in</span> <span class='ocrx_word' id='word_1_280' title='bbox 412 3378 435 3425; x_wconf 89' lang='lat' dir='ltr'><strong>E</strong></span> <span class='ocrx_word' id='word_1_281' title='bbox 454 3378 485 3425; x_wconf 87' lang='lat' dir='ltr'>sd</span> <span class='ocrx_word' id='word_1_282' title='bbox 496 3378 640 3427; x_wconf 86' lang='lat' dir='ltr'>velocitstem</span> <span class='ocrx_word' id='word_1_283' title='bbox 651 3379 748 3442; x_wconf 78' lang='lat' dir='ltr'>aequisi-</span> 
     </span>
     <span class='ocr_line' id='line_1_40' title="bbox 123 3439 750 3497; baseline 0.01 -12"><span class='ocrx_word' id='word_1_284' title='bbox 123 3449 171 3486; x_wconf 82' lang='lat' dir='ltr'>tam</span> <span class='ocrx_word' id='word_1_285' title='bbox 189 3439 214 3485; x_wconf 89' lang='lat' dir='ltr'>in</span> <span class='ocrx_word' id='word_1_286' title='bbox 230 3455 251 3497; x_wconf 84' lang='lat' dir='ltr'>e,</span> <span class='ocrx_word' id='word_1_287' title='bbox 271 3441 312 3488; x_wconf 88' lang='lat' dir='ltr'>sed</span> <span class='ocrx_word' id='word_1_288' title='bbox 331 3440 384 3487; x_wconf 76' lang='lat' dir='ltr'>edm</span> <span class='ocrx_word' id='word_1_289' title='bbox 403 3457 471 3490; x_wconf 83' lang='lat' dir='ltr'>arcus</span> <span class='ocrx_word' id='word_1_290' title='bbox 489 3443 548 3490; x_wconf 83' lang='lat' dir='ltr'>DE</span> <span class='ocrx_word' id='word_1_291' title='bbox 565 3442 643 3490; x_wconf 88' lang='lat' dir='ltr'>etde</span> <span class='ocrx_word' id='word_1_292' title='bbox 659 3442 750 3491; x_wconf 75' lang='lat' dir='ltr'>inliniri</span> 
     </span>
     <span class='ocr_line' id='line_1_41' title="bbox 122 3504 750 3565; baseline 0.008 -16"><span class='ocrx_word' id='word_1_293' title='bbox 122 3504 361 3565; x_wconf 79' lang='lat' dir='ltr'>parvisupponsntur,</span> <span class='ocrx_word' id='word_1_294' title='bbox 373 3506 515 3553; x_wconf 84' lang='lat' dir='ltr'>censendum</span> <span class='ocrx_word' id='word_1_295' title='bbox 523 3517 565 3564; x_wconf 80' lang='lat' dir='ltr'>est,</span> <span class='ocrx_word' id='word_1_296' title='bbox 578 3508 637 3554; x_wconf 88' lang='lat' dir='ltr'>vires</span> <span class='ocrx_word' id='word_1_297' title='bbox 643 3508 750 3554; x_wconf 78' lang='lat' dir='ltr'>uictrices</span> 
     </span>
     <span class='ocr_line' id='line_1_42' title="bbox 123 3567 747 3631; baseline 0.008 -18"><span class='ocrx_word' id='word_1_298' title='bbox 123 3567 270 3615; x_wconf 78' lang='lat' dir='ltr'>uniformiter</span> <span class='ocrx_word' id='word_1_299' title='bbox 281 3584 357 3631; x_wconf 78' lang='lat' dir='ltr'>egere,</span> <span class='ocrx_word' id='word_1_300' title='bbox 374 3569 432 3617; x_wconf 89' lang='lat' dir='ltr'>dum</span> <span class='ocrx_word' id='word_1_301' title='bbox 443 3569 478 3616; x_wconf 87' lang='lat' dir='ltr'>illi</span> <span class='ocrx_word' id='word_1_302' title='bbox 488 3586 556 3618; x_wconf 84' lang='lat' dir='ltr'>arcus</span> <span class='ocrx_word' id='word_1_303' title='bbox 566 3582 747 3631; x_wconf 72' lang='lat' dir='ltr'>percurruntur5</span> 
     </span>
     <span class='ocr_line' id='line_1_43' title="bbox 122 3634 748 3704; baseline 0.011 -28"><span class='ocrx_word' id='word_1_304' title='bbox 122 3639 200 3704; x_wconf 82' lang='lat' dir='ltr'>motus</span> <span class='ocrx_word' id='word_1_305' title='bbox 211 3646 267 3694; x_wconf 77' lang='lat' dir='ltr'>ergo</span> <span class='ocrx_word' id='word_1_306' title='bbox 278 3648 319 3693; x_wconf 84' lang='lat' dir='ltr'>per</span> <span class='ocrx_word' id='word_1_307' title='bbox 329 3649 368 3680; x_wconf 83' lang='lat' dir='ltr'>ees</span> <span class='ocrx_word' id='word_1_308' title='bbox 378 3634 504 3694; x_wconf 89' lang='lat' dir='ltr'>productus</span> <span class='ocrx_word' id='word_1_309' title='bbox 512 3645 597 3682; x_wconf 89' lang='lat' dir='ltr'>crescet</span> <span class='ocrx_word' id='word_1_310' title='bbox 608 3645 656 3682; x_wconf 85' lang='lat' dir='ltr'>tam</span> <span class='ocrx_word' id='word_1_311' title='bbox 664 3650 748 3695; x_wconf 84' lang='lat' dir='ltr'>prora·</span> 
     </span>
     <span class='ocr_line' id='line_1_44' title="bbox 122 3694 749 3760; baseline 0.011 -20"><span class='ocrx_word' id='word_1_312' title='bbox 122 3703 185 3741; x_wconf 79' lang='lat' dir='ltr'>none</span> <span class='ocrx_word' id='word_1_313' title='bbox 196 3694 280 3742; x_wconf 85' lang='lat' dir='ltr'>virium</span> <span class='ocrx_word' id='word_1_314' title='bbox 292 3697 393 3756; x_wconf 76' lang='lat' dir='ltr'>ipserum</span> <span class='ocrx_word' id='word_1_315' title='bbox 406 3698 478 3760; x_wconf 74' lang='lat' dir='ltr'>quim</span> <span class='ocrx_word' id='word_1_316' title='bbox 488 3714 531 3760; x_wconf 83' lang='lat' dir='ltr'>pm</span> <span class='ocrx_word' id='word_1_317' title='bbox 541 3700 628 3746; x_wconf 73' lang='lat' dir='ltr'>radone</span> <span class='ocrx_word' id='word_1_318' title='bbox 639 3700 749 3759; x_wconf 89' lang='lat' dir='ltr'>temporis</span> 
     </span>
     <span class='ocr_line' id='line_1_45' title="bbox 121 3759 746 3827; baseline 0.01 -23"><span class='ocrx_word' id='word_1_319' title='bbox 121 3759 282 3819; x_wconf 81' lang='lat' dir='ltr'>quosrcusilii</span> <span class='ocrx_word' id='word_1_320' title='bbox 294 3759 456 3809; x_wconf 87' lang='lat' dir='ltr'>describuntur</span> <span class='ocrx_word' id='word_1_321' title='bbox 466 3764 513 3809; x_wconf 80' lang='lat' dir='ltr'>sive</span> <span class='ocrx_word' id='word_1_322' title='bbox 525 3765 565 3827; x_wconf 82' lang='lat' dir='ltr'>(en</span> <span class='ocrx_word' id='word_1_323' title='bbox 573 3763 746 3825; x_wconf 86' lang='lat' dir='ltr'>demonstratis)</span> 
     </span>
     <span class='ocr_line' id='line_1_46' title="bbox 121 3822 746 3890; baseline 0.006 -21"><span class='ocrx_word' id='word_1_324' title='bbox 121 3836 164 3882; x_wconf 84' lang='lat' dir='ltr'>pro</span> <span class='ocrx_word' id='word_1_325' title='bbox 174 3822 263 3870; x_wconf 78' lang='lat' dir='ltr'>ratione</span> <span class='ocrx_word' id='word_1_326' title='bbox 272 3833 405 3885; x_wconf 87' lang='lat' dir='ltr'>temporum</span> <span class='ocrx_word' id='word_1_327' title='bbox 413 3826 584 3874; x_wconf 79' lang='lat' dir='ltr'>oscillationum</span> <span class='ocrx_word' id='word_1_328' title='bbox 594 3827 746 3890; x_wconf 73' lang='lat' dir='ltr'>integramus,</span> 
     </span>
     <span class='ocr_line' id='line_1_47' title="bbox 121 3885 746 3938; baseline 0 -5"><span class='ocrx_word' id='word_1_329' title='bbox 121 3895 199 3934; x_wconf 85' lang='lat' dir='ltr'>motus</span> <span class='ocrx_word' id='word_1_330' title='bbox 209 3885 299 3935; x_wconf 77' lang='lat' dir='ltr'>verder</span> <span class='ocrx_word' id='word_1_331' title='bbox 310 3889 366 3935; x_wconf 80' lang='lat' dir='ltr'>Dei.</span> <span class='ocrx_word' id='word_1_332' title='bbox 379 3895 401 3935; x_wconf 79' lang='grc'>9.</span> <span class='ocrx_word' id='word_1_333' title='bbox 413 3890 466 3936; x_wconf 82' lang='lat' dir='ltr'>Lib.</span> <span class='ocrx_word' id='word_1_334' title='bbox 482 3890 503 3937; x_wconf 87' lang='lat'>1.</span> <span class='ocrx_word' id='word_1_335' title='bbox 516 3891 665 3937; x_wconf 67' lang='lat' dir='ltr'>estimatum</span> <span class='ocrx_word' id='word_1_336' title='bbox 675 3892 746 3938; x_wconf 73' lang='lat' dir='ltr'>Ness-</span> 
     </span>
     <span class='ocr_line' id='line_1_48' title="bbox 120 3951 747 4019; baseline 0.008 -22"><span class='ocrx_word' id='word_1_337' title='bbox 120 3959 177 3997; x_wconf 89' lang='lat' dir='ltr'>tono</span> <span class='ocrx_word' id='word_1_338' title='bbox 191 3965 221 3998; x_wconf 83' lang='lat' dir='ltr'>er</span> <span class='ocrx_word' id='word_1_339' title='bbox 237 3951 356 4000; x_wconf 78' lang='lat' dir='ltr'>velocitate</span> <span class='ocrx_word' id='word_1_340' title='bbox 372 3962 396 3999; x_wconf 81' lang='lat' dir='ltr'>et</span> <span class='ocrx_word' id='word_1_341' title='bbox 411 3954 507 4001; x_wconf 68' lang='lat' dir='ltr'>materie</span> <span class='ocrx_word' id='word_1_342' title='bbox 523 3955 673 4016; x_wconf 85' lang='lat' dir='ltr'>conjunctim,</span> <span class='ocrx_word' id='word_1_343' title='bbox 690 3971 747 4019; x_wconf 81' lang='lat' dir='ltr'>ergo</span> 
     </span>
     <span class='ocr_line' id='line_1_49' title="bbox 120 4014 746 4079; baseline 0.013 -20"><span class='ocrx_word' id='word_1_344' title='bbox 120 4014 251 4063; x_wconf 82' lang='lat' dir='ltr'>velocitstes</span> <span class='ocrx_word' id='word_1_345' title='bbox 260 4016 379 4076; x_wconf 71' lang='lat' dir='ltr'>producte</span> <span class='ocrx_word' id='word_1_346' title='bbox 389 4017 414 4063; x_wconf 91' lang='lat' dir='ltr'>in</span> <span class='ocrx_word' id='word_1_347' title='bbox 426 4021 650 4079; x_wconf 79' lang='lat' dir='ltr'>correspondentibus</span> <span class='ocrx_word' id='word_1_348' title='bbox 659 4023 746 4068; x_wconf 78' lang='lat' dir='ltr'>oscilla·</span> 
     </span>
     <span class='ocr_line' id='line_1_50' title="bbox 118 4081 745 4141; baseline 0.011 -15"><span class='ocrx_word' id='word_1_349' title='bbox 118 4081 211 4127; x_wconf 72' lang='lat' dir='ltr'>tiorum</span> <span class='ocrx_word' id='word_1_350' title='bbox 226 4084 332 4141; x_wconf 80' lang='lat' dir='ltr'>portiirss</span> <span class='ocrx_word' id='word_1_351' title='bbox 348 4091 417 4129; x_wconf 77' lang='lat' dir='ltr'>erum</span> <span class='ocrx_word' id='word_1_352' title='bbox 428 4091 456 4129; x_wconf 79' lang='lat' dir='ltr'>ut</span> <span class='ocrx_word' id='word_1_353' title='bbox 471 4085 530 4130; x_wconf 75' lang='lat' dir='ltr'>vires</span> <span class='ocrx_word' id='word_1_354' title='bbox 545 4085 649 4130; x_wconf 74' lang='lat' dir='ltr'>nutrices</span> <span class='ocrx_word' id='word_1_355' title='bbox 659 4094 681 4130; x_wconf 86' lang='lat' dir='ltr'>et</span> <span class='ocrx_word' id='word_1_356' title='bbox 698 4093 745 4133; x_wconf 87' lang='lat' dir='ltr'>tota</span> 
     </span>
     <span class='ocr_line' id='line_1_51' title="bbox 118 4146 745 4210; baseline 0.011 -20"><span class='ocrx_word' id='word_1_357' title='bbox 118 4146 286 4192; x_wconf 65' lang='lat' dir='ltr'>omuationam</span> <span class='ocrx_word' id='word_1_358' title='bbox 301 4155 403 4207; x_wconf 82' lang='lat' dir='ltr'>temporo</span> <span class='ocrx_word' id='word_1_359' title='bbox 419 4148 502 4194; x_wconf 65' lang='lat' dir='ltr'>directe</span> <span class='ocrx_word' id='word_1_360' title='bbox 512 4156 533 4194; x_wconf 87' lang='lat' dir='ltr'>et</span> <span class='ocrx_word' id='word_1_361' title='bbox 544 4150 684 4210; x_wconf 74' lang='lat' dir='ltr'>quamnam</span> <span class='ocrx_word' id='word_1_362' title='bbox 694 4167 745 4197; x_wconf 85' lang='lat' dir='ltr'>oro-</span> 
     </span>
     <span class='ocr_line' id='line_1_52' title="bbox 117 4210 284 4257; baseline 0.012 -3"><span class='ocrx_word' id='word_1_363' title='bbox 117 4210 181 4255; x_wconf 79' lang='lat' dir='ltr'>teria</span> <span class='ocrx_word' id='word_1_364' title='bbox 191 4212 284 4257; x_wconf 65' lang='lat' dir='ltr'>inversi.</span> 
     </span>
    </p>
   </div>
   <div class='ocr_carea' id='block_1_7' title="bbox 114 4299 1419 4773">
    <p class='ocr_par' dir='ltr' id='par_1_7' title="bbox 114 4299 1419 4773">
     <span class='ocr_line' id='line_1_53' title="bbox 150 4299 995 4376; baseline -0.007 -6"><span class='ocrx_word' id='word_1_365' title='bbox 150 4307 191 4370; x_wconf 77' lang='lat' dir='ltr'>(i)</span> <span class='ocrx_word' id='word_1_366' title='bbox 201 4312 214 4338; x_wconf 80' lang='lat'>’</span> <span class='ocrx_word' id='word_1_367' title='bbox 224 4312 267 4356; x_wconf 78' lang='lat' dir='ltr'>Sed</span> <span class='ocrx_word' id='word_1_368' title='bbox 277 4311 622 4374; x_wconf 69' lang='grc' dir='ltr'>ιεῐοοίιαιειιιιιιιηιίριοεικι</span> <span class='ocrx_word' id='word_1_369' title='bbox 632 4323 741 4376; x_wconf 68' lang='lat' dir='ltr'>sempera</span> <span class='ocrx_word' id='word_1_370' title='bbox 978 4299 995 4344; x_wconf 72' lang='grc' dir='ltr'><strong>Ρ</strong></span> 
     </span>
     <span class='ocr_line' id='line_1_54' title="bbox 118 4371 743 4436; baseline 0.005 -19"><span class='ocrx_word' id='word_1_371' title='bbox 118 4373 132 4401; x_wconf 77' lang='lat'>⁸</span> <span class='ocrx_word' id='word_1_372' title='bbox 146 4371 185 4417; x_wconf 83' lang='lat' dir='ltr'>Ex</span> <span class='ocrx_word' id='word_1_373' title='bbox 196 4371 357 4420; x_wconf 85' lang='lat' dir='ltr'>demonstratis</span> <span class='ocrx_word' id='word_1_374' title='bbox 372 4375 414 4436; x_wconf 80' lang='lat' dir='ltr'>(ed</span> <span class='ocrx_word' id='word_1_375' title='bbox 431 4385 509 4423; x_wconf 72' lang='lat' dir='ltr'>norem</span> <span class='ocrx_word' id='word_1_376' title='bbox 526 4377 666 4436; x_wconf 82' lang='lat' dir='ltr'>superiorem</span> <span class='ocrx_word' id='word_1_377' title='bbox 679 4380 697 4433; x_wconf 86' lang='lat'>¹)</span> <span class='ocrx_word' id='word_1_378' title='bbox 715 4380 743 4426; x_wconf 90' lang='lat' dir='ltr'>li.</span> 
     </span>
     <span class='ocr_line' id='line_1_55' title="bbox 117 4436 1419 4526; baseline 0.002 -45"><span class='ocrx_word' id='word_1_379' title='bbox 117 4445 173 4495; x_wconf 83' lang='lat' dir='ltr'>quet</span> <span class='ocrx_word' id='word_1_380' title='bbox 189 4436 332 4513; x_wconf 73' lang='lat' dir='ltr'>velocitatem</span> <span class='ocrx_word' id='word_1_381' title='bbox 343 4439 477 4513; x_wconf 76' lang='lat' dir='ltr'>acquisitam</span> <span class='ocrx_word' id='word_1_382' title='bbox 488 4440 513 4486; x_wconf 93' lang='lat' dir='ltr'>in</span> <span class='ocrx_word' id='word_1_383' title='bbox 527 4441 608 4516; x_wconf 53' lang='lat' dir='ltr'>Flesse</span> <span class='ocrx_word' id='word_1_384' title='bbox 618 4441 743 4518; x_wconf 26' lang='lat' dir='ltr'>ador-eloci.</span> <span class='ocrx_word' id='word_1_385' title='bbox 776 4460 879 4512; x_wconf 49' lang='lat' dir='ltr'>ampo„</span> <span class='ocrx_word' id='word_1_386' title='bbox 885 4453 1055 4505; x_wconf 54' lang='lat' dir='ltr'>mmmmm</span> <span class='ocrx_word' id='word_1_387' title='bbox 1063 4460 1215 4523; x_wconf 51' lang='lat' dir='ltr'>mmm,</span> <span class='ocrx_word' id='word_1_388' title='bbox 1226 4469 1297 4517; x_wconf 58' lang='lat' dir='ltr'>unde</span> <span class='ocrx_word' id='word_1_389' title='bbox 1306 4476 1419 4526; x_wconf 49' lang='lat' dir='ltr'>&#39;dd&#39;</span> 
     </span>
     <span class='ocr_line' id='line_1_56' title="bbox 116 4504 1372 4588; baseline 0.023 -42"><span class='ocrx_word' id='word_1_390' title='bbox 116 4507 189 4545; x_wconf 75' lang='lat' dir='ltr'>tatem</span> <span class='ocrx_word' id='word_1_391' title='bbox 205 4512 340 4577; x_wconf 64' lang='lat' dir='ltr'>soqurqrtam</span> <span class='ocrx_word' id='word_1_392' title='bbox 355 4517 380 4548; x_wconf 83' lang='lat' dir='ltr'>us</span> <span class='ocrx_word' id='word_1_393' title='bbox 397 4517 410 4549; x_wconf 88' lang='lat' dir='ltr'>e</span> <span class='ocrx_word' id='word_1_394' title='bbox 427 4513 454 4550; x_wconf 88' lang='lat' dir='ltr'>ut</span> <span class='ocrx_word' id='word_1_395' title='bbox 470 4504 578 4550; x_wconf 78' lang='lat' dir='ltr'>velocitas</span> <span class='ocrx_word' id='word_1_396' title='bbox 593 4517 703 4566; x_wconf 82' lang='lat' dir='ltr'>scqursrtn</span> <span class='ocrx_word' id='word_1_397' title='bbox 718 4509 743 4555; x_wconf 88' lang='lat' dir='ltr'>in</span> <span class='ocrx_word' id='word_1_398' title='bbox 776 4517 886 4577; x_wconf 72' lang='lat' dir='ltr'>aequisita</span> <span class='ocrx_word' id='word_1_399' title='bbox 896 4518 919 4565; x_wconf 88' lang='lat' dir='ltr'>in</span> <span class='ocrx_word' id='word_1_400' title='bbox 932 4534 1019 4578; x_wconf 86' lang='lat' dir='ltr'>puncto</span> <span class='ocrx_word' id='word_1_401' title='bbox 1030 4526 1111 4585; x_wconf 89' lang='lat' dir='ltr'>quovis</span> <span class='ocrx_word' id='word_1_402' title='bbox 1122 4541 1189 4572; x_wconf 85' lang='lat' dir='ltr'>srcns</span> <span class='ocrx_word' id='word_1_403' title='bbox 1203 4530 1230 4576; x_wconf 92' lang='lat' dir='ltr'>D</span> <span class='ocrx_word' id='word_1_404' title='bbox 1242 4534 1265 4579; x_wconf 86' lang='lat' dir='ltr'>c</span> <span class='ocrx_word' id='word_1_405' title='bbox 1287 4549 1328 4585; x_wconf 83' lang='lat' dir='ltr'>cst</span> <span class='ocrx_word' id='word_1_406' title='bbox 1338 4541 1372 4588; x_wconf 63' lang='lat' dir='ltr'>,fl</span> 
     </span>
     <span class='ocr_line' id='line_1_57' title="bbox 116 4557 1419 4649; baseline -0.018 -41"><span class='ocrx_word' id='word_1_407' title='bbox 116 4572 296 4639; x_wconf 33' lang='lat' dir='ltr'>punctouquovrs</span> <span class='ocrx_word' id='word_1_408' title='bbox 307 4582 374 4613; x_wconf 80' lang='lat' dir='ltr'>arcus</span> <span class='ocrx_word' id='word_1_409' title='bbox 393 4568 450 4615; x_wconf 87' lang='lat' dir='ltr'>DC</span> <span class='ocrx_word' id='word_1_410' title='bbox 468 4568 499 4615; x_wconf 84' lang='lat' dir='ltr'>od</span> <span class='ocrx_word' id='word_1_411' title='bbox 510 4569 653 4616; x_wconf 78' lang='lat' dir='ltr'>velocitatem</span> <span class='ocrx_word' id='word_1_412' title='bbox 664 4574 743 4634; x_wconf 84' lang='lat' dir='ltr'>sequi.</span> <span class='ocrx_word' id='word_1_413' title='bbox 777 4579 893 4627; x_wconf 67' lang='lat' dir='ltr'>loeium</span> <span class='ocrx_word' id='word_1_414' title='bbox 910 4584 1048 4644; x_wconf 74' lang='lat' dir='ltr'>acquisitam</span> <span class='ocrx_word' id='word_1_415' title='bbox 1066 4589 1091 4635; x_wconf 89' lang='lat' dir='ltr'>in</span> <span class='ocrx_word' id='word_1_416' title='bbox 1109 4601 1198 4649; x_wconf 74' lang='lat' dir='ltr'>Puncta</span> <span class='ocrx_word' id='word_1_417' title='bbox 1267 4567 1275 4589; x_wconf 62' lang='grc' dir='ltr'>ι</span> <span class='ocrx_word' id='word_1_418' title='bbox 1381 4557 1419 4590; x_wconf 72' lang='grc' dir='ltr'>ιι.</span> 
     </span>
     <span class='ocr_line' id='line_1_58' title="bbox 116 4631 1241 4714; baseline 0.027 -42"><span class='ocrx_word' id='word_1_419' title='bbox 116 4636 185 4673; x_wconf 86' lang='lat' dir='ltr'>srtsm</span> <span class='ocrx_word' id='word_1_420' title='bbox 203 4643 227 4673; x_wconf 90' lang='grc' dir='ltr'>ιιι</span> <span class='ocrx_word' id='word_1_421' title='bbox 245 4639 332 4689; x_wconf 86' lang='lat' dir='ltr'>puncto</span> <span class='ocrx_word' id='word_1_422' title='bbox 351 4631 541 4692; x_wconf 83' lang='lat' dir='ltr'>correspondenri</span> <span class='ocrx_word' id='word_1_423' title='bbox 557 4648 625 4680; x_wconf 70' lang='lat' dir='ltr'>usus</span> <span class='ocrx_word' id='word_1_424' title='bbox 640 4633 694 4694; x_wconf 74' lang='lat' dir='ltr'>dc3</span> <span class='ocrx_word' id='word_1_425' title='bbox 714 4652 743 4684; x_wconf 85' lang='lat' dir='ltr'>er</span> <span class='ocrx_word' id='word_1_426' title='bbox 776 4658 844 4691; x_wconf 72' lang='lat' dir='ltr'>mus</span> <span class='ocrx_word' id='word_1_427' title='bbox 860 4645 907 4700; x_wconf 76' lang='lat' dir='ltr'>de,</span> <span class='ocrx_word' id='word_1_428' title='bbox 925 4647 950 4693; x_wconf 92' lang='lat' dir='ltr'>in</span> <span class='ocrx_word' id='word_1_429' title='bbox 962 4649 1052 4698; x_wconf 76' lang='lat' dir='ltr'>rstiom</span> <span class='ocrx_word' id='word_1_430' title='bbox 1062 4653 1180 4714; x_wconf 79' lang='lat' dir='ltr'>reciproci</span> <span class='ocrx_word' id='word_1_431' title='bbox 1190 4666 1241 4706; x_wconf 77' lang='lat' dir='ltr'>tem</span> 
     </span>
     <span class='ocr_line' id='line_1_59' title="bbox 114 4669 1419 4773; baseline 0.015 -35"><span class='ocrx_word' id='word_1_432' title='bbox 114 4688 198 4738; x_wconf 75' lang='lat' dir='ltr'>eidem</span> <span class='ocrx_word' id='word_1_433' title='bbox 209 4690 404 4742; x_wconf 76' lang='lat' dir='ltr'>demonstratione</span> <span class='ocrx_word' id='word_1_434' title='bbox 420 4695 494 4758; x_wconf 85' lang='lat' dir='ltr'>liquet</span> <span class='ocrx_word' id='word_1_435' title='bbox 509 4696 653 4745; x_wconf 65' lang='lat' dir='ltr'>velocitatem</span> <span class='ocrx_word' id='word_1_436' title='bbox 664 4702 744 4763; x_wconf 80' lang='lat' dir='ltr'>scqui-</span> <span class='ocrx_word' id='word_1_437' title='bbox 775 4706 888 4758; x_wconf 72' lang='lat' dir='ltr'>lotionem</span> <span class='ocrx_word' id='word_1_438' title='bbox 899 4720 1008 4762; x_wconf 71' lang='lat' dir='ltr'>totarum.</span> <span class='ocrx_word' id='word_1_439' title='bbox 1041 4717 1072 4773; x_wconf 83' lang='lat' dir='ltr'>Q.</span> <span class='ocrx_word' id='word_1_440' title='bbox 1081 4732 1103 4764; x_wconf 66' lang='grc' dir='ltr'>ο,</span> <span class='ocrx_word' id='word_1_441' title='bbox 1114 4718 1138 4766; x_wconf 76' lang='lat' dir='ltr'>d.</span> <span class='ocrx_word' id='word_1_442' title='bbox 1242 4676 1339 4722; x_wconf 62' lang='lat' dir='ltr'>m</span> <span class='ocrx_word' id='word_1_443' title='bbox 1350 4669 1419 4720; x_wconf 50' lang='grc' dir='ltr'><strong>ω</strong></span> 
     </span>
    </p>
   </div>
   <div class='ocr_carea' id='block_1_8' title="bbox 760 4811 775 4853">
    <p class='ocr_par' dir='ltr' id='par_1_8' title="bbox 760 4811 775 4853">
     <span class='ocr_line' id='line_1_60' title="bbox 760 4811 775 4853; baseline 0 0"><span class='ocrx_word' id='word_1_444' title='bbox 760 4811 775 4853; x_wconf 71' lang='grc'><strong>8</strong></span> 
     </span>
    </p>
   </div>
   <div class='ocr_carea' id='block_1_9' title="bbox 0 0 1554 5534">
    <p class='ocr_par' dir='ltr' id='par_1_9' title="bbox 0 0 1554 5534">
     <span class='ocr_line' id='line_1_61' title="bbox 0 0 1554 5534; baseline 0 8"><span class='ocrx_word' id='word_1_445' title='bbox 0 0 1554 5534; x_wconf 95' lang='lat' dir='ltr'> </span> 
     </span>
    </p>
   </div>
  </div>
 </body>
</html>
