<?xml version="1.0" encoding="UTF-8"?>
<!DOCTYPE html PUBLIC "-//W3C//DTD XHTML 1.0 Transitional//EN"
    "http://www.w3.org/TR/xhtml1/DTD/xhtml1-transitional.dtd">
<html xmlns="http://www.w3.org/1999/xhtml" xml:lang="en" lang="en">
 <head>
  <title>
</title>
<meta http-equiv="Content-Type" content="text/html;charset=utf-8" />
  <meta name='ocr-system' content='tesseract 3.04.00' />
  <meta name='ocr-capabilities' content='ocr_page ocr_carea ocr_par ocr_line ocrx_word'/>
</head>
<body>
  <div class='ocr_page' id='page_1' title='image "./philosophinatur01newtgoog/philosophinatur01newtgoog_0024.png"; bbox 0 0 3098 5534; ppageno 0'>
   <div class='ocr_carea' id='block_1_1' title="bbox 587 370 1362 473">
    <p class='ocr_par' dir='ltr' id='par_1_1' title="bbox 587 370 1362 473">
     <span class='ocr_line' id='line_1_1' title="bbox 587 370 1362 473; baseline -0.01 -33"><span class='ocrx_word' id='word_1_1' title='bbox 587 370 851 473; x_wconf 74' lang='lat' dir='ltr'>usurario.</span> <span class='ocrx_word' id='word_1_2' title='bbox 1304 370 1362 433; x_wconf 72' lang='lat' dir='ltr'>xa</span> 
     </span>
    </p>
   </div>
   <div class='ocr_carea' id='block_1_2' title="bbox 50 543 1416 2810">
    <p class='ocr_par' dir='ltr' id='par_1_2' title="bbox 56 543 1368 1398">
     <span class='ocr_line' id='line_1_2' title="bbox 56 543 1365 633; baseline -0.006 -19"><span class='ocrx_word' id='word_1_3' title='bbox 56 547 113 614; x_wconf 87' lang='lat' dir='ltr'>sed</span> <span class='ocrx_word' id='word_1_4' title='bbox 125 548 224 614; x_wconf 80' lang='lat' dir='ltr'>etiam</span> <span class='ocrx_word' id='word_1_5' title='bbox 239 546 281 612; x_wconf 89' lang='lat' dir='ltr'>ad</span> <span class='ocrx_word' id='word_1_6' title='bbox 294 558 436 612; x_wconf 87' lang='lat' dir='ltr'>cometas</span> <span class='ocrx_word' id='word_1_7' title='bbox 456 547 491 611; x_wconf 92' lang='lat' dir='ltr'>in</span> <span class='ocrx_word' id='word_1_8' title='bbox 504 546 725 613; x_wconf 87' lang='lat' dir='ltr'>diversissimis</span> <span class='ocrx_word' id='word_1_9' title='bbox 748 545 913 611; x_wconf 79' lang='lat' dir='ltr'>coelorum.</span> <span class='ocrx_word' id='word_1_10' title='bbox 923 546 1111 633; x_wconf 74' lang='lat' dir='ltr'>regionibus</span> <span class='ocrx_word' id='word_1_11' title='bbox 1119 558 1153 611; x_wconf 88' lang='lat' dir='ltr'>et</span> <span class='ocrx_word' id='word_1_12' title='bbox 1166 545 1201 610; x_wconf 90' lang='lat' dir='ltr'>in</span> <span class='ocrx_word' id='word_1_13' title='bbox 1217 543 1365 608; x_wconf 84' lang='lat' dir='ltr'>diversis·</span> 
     </span>
     <span class='ocr_line' id='line_1_3' title="bbox 57 655 1366 745; baseline -0.005 -22"><span class='ocrx_word' id='word_1_14' title='bbox 57 657 146 723; x_wconf 88' lang='lat' dir='ltr'>simis</span> <span class='ocrx_word' id='word_1_15' title='bbox 160 656 320 722; x_wconf 72' lang='lat' dir='ltr'>distandis</span> <span class='ocrx_word' id='word_1_16' title='bbox 334 657 455 742; x_wconf 86' lang='lat' dir='ltr'>positos</span> <span class='ocrx_word' id='word_1_17' title='bbox 469 656 631 745; x_wconf 86' lang='lat' dir='ltr'>pertingit.</span> <span class='ocrx_word' id='word_1_18' title='bbox 660 655 763 720; x_wconf 63' lang='lat' dir='ltr'>&#39;Hoec</span> <span class='ocrx_word' id='word_1_19' title='bbox 787 655 884 744; x_wconf 90' lang='lat' dir='ltr'>igitur</span> <span class='ocrx_word' id='word_1_20' title='bbox 903 667 952 720; x_wconf 89' lang='lat' dir='ltr'>est</span> <span class='ocrx_word' id='word_1_21' title='bbox 972 668 1085 720; x_wconf 87' lang='lat' dir='ltr'>natura</span> <span class='ocrx_word' id='word_1_22' title='bbox 1104 676 1273 739; x_wconf 90' lang='lat' dir='ltr'>corporum</span> <span class='ocrx_word' id='word_1_23' title='bbox 1292 675 1366 741; x_wconf 87' lang='lat' dir='ltr'>gra·</span> 
     </span>
     <span class='ocr_line' id='line_1_4' title="bbox 57 762 1367 851; baseline -0.003 -22"><span class='ocrx_word' id='word_1_24' title='bbox 57 764 243 843; x_wconf 73' lang='lat' dir='ltr'>vitantium,</span> <span class='ocrx_word' id='word_1_25' title='bbox 252 776 290 829; x_wconf 89' lang='lat' dir='ltr'>ut</span> <span class='ocrx_word' id='word_1_26' title='bbox 303 764 386 830; x_wconf 86' lang='lat' dir='ltr'>vires</span> <span class='ocrx_word' id='word_1_27' title='bbox 401 786 474 829; x_wconf 87' lang='lat' dir='ltr'>suas</span> <span class='ocrx_word' id='word_1_28' title='bbox 484 763 580 829; x_wconf 84' lang='lat' dir='ltr'>edant</span> <span class='ocrx_word' id='word_1_29' title='bbox 588 763 630 829; x_wconf 87' lang='lat' dir='ltr'>ad</span> <span class='ocrx_word' id='word_1_30' title='bbox 638 785 750 851; x_wconf 83' lang='lat' dir='ltr'>purnes</span> <span class='ocrx_word' id='word_1_31' title='bbox 761 763 928 829; x_wconf 87' lang='lat' dir='ltr'>distantias</span> <span class='ocrx_word' id='word_1_32' title='bbox 942 764 978 827; x_wconf 92' lang='lat' dir='ltr'>iu</span> <span class='ocrx_word' id='word_1_33' title='bbox 992 763 1099 829; x_wconf 86' lang='lat' dir='ltr'>omnia</span> <span class='ocrx_word' id='word_1_34' title='bbox 1113 778 1247 848; x_wconf 86' lang='lat' dir='ltr'>corpora</span> <span class='ocrx_word' id='word_1_35' title='bbox 1261 762 1367 850; x_wconf 78' lang='lat' dir='ltr'>grevi-</span> 
     </span>
     <span class='ocr_line' id='line_1_5' title="bbox 60 869 1368 960; baseline -0.002 -22"><span class='ocrx_word' id='word_1_36' title='bbox 60 873 168 938; x_wconf 87' lang='lat' dir='ltr'>tautia.</span> <span class='ocrx_word' id='word_1_37' title='bbox 223 871 307 939; x_wconf 87' lang='lat' dir='ltr'>Inde</span> <span class='ocrx_word' id='word_1_38' title='bbox 336 871 413 938; x_wconf 84' lang='lat' dir='ltr'>verb</span> <span class='ocrx_word' id='word_1_39' title='bbox 437 873 587 960; x_wconf 89' lang='lat' dir='ltr'>sequitur,</span> <span class='ocrx_word' id='word_1_40' title='bbox 617 873 759 957; x_wconf 79' lang='lat' dir='ltr'>planetas</span> <span class='ocrx_word' id='word_1_41' title='bbox 788 885 821 938; x_wconf 91' lang='lat' dir='ltr'>et</span> <span class='ocrx_word' id='word_1_42' title='bbox 845 885 984 938; x_wconf 86' lang='lat' dir='ltr'>cometas</span> <span class='ocrx_word' id='word_1_43' title='bbox 1008 873 1170 938; x_wconf 89' lang='lat' dir='ltr'>universos</span> <span class='ocrx_word' id='word_1_44' title='bbox 1195 895 1230 937; x_wconf 86' lang='lat' dir='ltr'>se</span> <span class='ocrx_word' id='word_1_45' title='bbox 1254 869 1368 936; x_wconf 85' lang='lat' dir='ltr'>mutub</span> 
     </span>
     <span class='ocr_line' id='line_1_6' title="bbox 62 981 1367 1071; baseline -0.004 -23"><span class='ocrx_word' id='word_1_46' title='bbox 62 982 199 1062; x_wconf 66' lang='lat' dir='ltr'>tabere,</span> <span class='ocrx_word' id='word_1_47' title='bbox 222 996 257 1048; x_wconf 90' lang='lat' dir='ltr'>et</span> <span class='ocrx_word' id='word_1_48' title='bbox 267 982 304 1048; x_wconf 89' lang='lat' dir='ltr'>in</span> <span class='ocrx_word' id='word_1_49' title='bbox 319 1005 356 1048; x_wconf 90' lang='lat' dir='ltr'>se</span> <span class='ocrx_word' id='word_1_50' title='bbox 369 981 482 1047; x_wconf 85' lang='lat' dir='ltr'>mutuh</span> <span class='ocrx_word' id='word_1_51' title='bbox 501 1004 615 1071; x_wconf 85' lang='lat' dir='ltr'>graves</span> <span class='ocrx_word' id='word_1_52' title='bbox 638 1005 725 1047; x_wconf 84' lang='lat' dir='ltr'>esse:</span> <span class='ocrx_word' id='word_1_53' title='bbox 749 982 836 1068; x_wconf 91' lang='lat' dir='ltr'>quod</span> <span class='ocrx_word' id='word_1_54' title='bbox 853 981 948 1046; x_wconf 86' lang='lat' dir='ltr'>etiam</span> <span class='ocrx_word' id='word_1_55' title='bbox 966 982 1173 1046; x_wconf 86' lang='lat' dir='ltr'>confirmatur</span> <span class='ocrx_word' id='word_1_56' title='bbox 1186 1003 1228 1046; x_wconf 89' lang='lat' dir='ltr'>ex</span> <span class='ocrx_word' id='word_1_57' title='bbox 1242 993 1367 1066; x_wconf 84' lang='lat' dir='ltr'>pertur-</span> 
     </span>
     <span class='ocr_line' id='line_1_7' title="bbox 60 1089 1367 1182; baseline -0.007 -21"><span class='ocrx_word' id='word_1_58' title='bbox 60 1095 190 1161; x_wconf 76' lang='lat' dir='ltr'><strong>batione</strong></span> <span class='ocrx_word' id='word_1_59' title='bbox 198 1095 283 1182; x_wconf 83' lang='lat' dir='ltr'>jovis</span> <span class='ocrx_word' id='word_1_60' title='bbox 297 1105 330 1160; x_wconf 88' lang='lat' dir='ltr'>et</span> <span class='ocrx_word' id='word_1_61' title='bbox 344 1094 475 1172; x_wconf 86' lang='lat' dir='ltr'>saturni,</span> <span class='ocrx_word' id='word_1_62' title='bbox 491 1092 680 1157; x_wconf 89' lang='lat' dir='ltr'>astronomis</span> <span class='ocrx_word' id='word_1_63' title='bbox 694 1114 760 1156; x_wconf 92' lang='lat' dir='ltr'>non</span> <span class='ocrx_word' id='word_1_64' title='bbox 774 1092 944 1179; x_wconf 86' lang='lat' dir='ltr'>incognita,</span> <span class='ocrx_word' id='word_1_65' title='bbox 961 1105 993 1157; x_wconf 93' lang='lat' dir='ltr'>et</span> <span class='ocrx_word' id='word_1_66' title='bbox 1007 1092 1048 1156; x_wconf 90' lang='lat' dir='ltr'>ab</span> <span class='ocrx_word' id='word_1_67' title='bbox 1062 1090 1238 1155; x_wconf 78' lang='lat' dir='ltr'>actionibus</span> <span class='ocrx_word' id='word_1_68' title='bbox 1252 1089 1367 1153; x_wconf 84' lang='lat' dir='ltr'>horum</span> 
     </span>
     <span class='ocr_line' id='line_1_8' title="bbox 58 1198 1363 1289; baseline -0.007 -19"><span class='ocrx_word' id='word_1_69' title='bbox 58 1201 492 1289; x_wconf 82' lang='lat' dir='ltr'>planetarumiuseinrioem</span> <span class='ocrx_word' id='word_1_70' title='bbox 502 1199 638 1277; x_wconf 89' lang='lat' dir='ltr'>oriunda</span> <span class='ocrx_word' id='word_1_71' title='bbox 647 1200 749 1287; x_wconf 51' lang='lat' dir='ltr'>squiu</span> <span class='ocrx_word' id='word_1_72' title='bbox 760 1214 792 1265; x_wconf 90' lang='lat' dir='ltr'>et</span> <span class='ocrx_word' id='word_1_73' title='bbox 802 1223 844 1267; x_wconf 85' lang='lat' dir='ltr'>ex</span> <span class='ocrx_word' id='word_1_74' title='bbox 853 1212 941 1264; x_wconf 89' lang='lat' dir='ltr'>motu</span> <span class='ocrx_word' id='word_1_75' title='bbox 954 1198 1011 1264; x_wconf 90' lang='lat' dir='ltr'>illo</span> <span class='ocrx_word' id='word_1_76' title='bbox 1019 1199 1194 1264; x_wconf 88' lang='lat' dir='ltr'>lentissimo</span> <span class='ocrx_word' id='word_1_77' title='bbox 1205 1198 1363 1283; x_wconf 89' lang='lat' dir='ltr'>apsidum,</span> 
     </span>
     <span class='ocr_line' id='line_1_9' title="bbox 58 1305 1193 1398; baseline -0.005 -22"><span class='ocrx_word' id='word_1_78' title='bbox 58 1313 115 1398; x_wconf 89' lang='lat' dir='ltr'>qui</span> <span class='ocrx_word' id='word_1_79' title='bbox 127 1309 229 1398; x_wconf 69' lang='lat' dir='ltr'>suprd</span> <span class='ocrx_word' id='word_1_80' title='bbox 241 1321 438 1375; x_wconf 76' lang='lat' dir='ltr'>memorerm</span> <span class='ocrx_word' id='word_1_81' title='bbox 452 1319 510 1386; x_wconf 82' lang='lat' dir='ltr'>ast,</span> <span class='ocrx_word' id='word_1_82' title='bbox 526 1307 644 1394; x_wconf 89' lang='lat' dir='ltr'>quique</span> <span class='ocrx_word' id='word_1_83' title='bbox 657 1331 677 1372; x_wconf 89' lang='lat' dir='ltr'>a</span> <span class='ocrx_word' id='word_1_84' title='bbox 691 1308 786 1372; x_wconf 74' lang='lat' dir='ltr'>causti</span> <span class='ocrx_word' id='word_1_85' title='bbox 801 1305 957 1371; x_wconf 84' lang='lat' dir='ltr'>consimili</span> <span class='ocrx_word' id='word_1_86' title='bbox 971 1305 1193 1391; x_wconf 86' lang='lat' dir='ltr'>proficiscitur.</span> 
     </span>
    </p>

    <p class='ocr_par' dir='ltr' id='par_1_3' title="bbox 50 1415 1416 2159">
     <span class='ocr_line' id='line_1_10' title="bbox 102 1415 1369 1504; baseline -0.005 -19"><span class='ocrx_word' id='word_1_87' title='bbox 102 1420 157 1485; x_wconf 79' lang='lat' dir='ltr'>Eo</span> <span class='ocrx_word' id='word_1_88' title='bbox 169 1416 303 1485; x_wconf 82' lang='lat' dir='ltr'>demdm</span> <span class='ocrx_word' id='word_1_89' title='bbox 316 1416 519 1504; x_wconf 82' lang='lat' dir='ltr'>pervenimus</span> <span class='ocrx_word' id='word_1_90' title='bbox 534 1428 571 1481; x_wconf 90' lang='lat' dir='ltr'>ut</span> <span class='ocrx_word' id='word_1_91' title='bbox 591 1415 761 1481; x_wconf 89' lang='lat' dir='ltr'>dicendum</span> <span class='ocrx_word' id='word_1_92' title='bbox 776 1415 826 1496; x_wconf 83' lang='lat' dir='ltr'>sit,</span> <span class='ocrx_word' id='word_1_93' title='bbox 843 1431 875 1482; x_wconf 88' lang='lat' dir='ltr'>et</span> <span class='ocrx_word' id='word_1_94' title='bbox 889 1429 1006 1482; x_wconf 82' lang='lat' dir='ltr'>terram</span> <span class='ocrx_word' id='word_1_95' title='bbox 1020 1428 1054 1481; x_wconf 88' lang='lat' dir='ltr'>et</span> <span class='ocrx_word' id='word_1_96' title='bbox 1071 1415 1170 1481; x_wconf 90' lang='lat' dir='ltr'>solem</span> <span class='ocrx_word' id='word_1_97' title='bbox 1185 1427 1218 1481; x_wconf 87' lang='lat' dir='ltr'>et</span> <span class='ocrx_word' id='word_1_98' title='bbox 1232 1436 1369 1501; x_wconf 83' lang='lat' dir='ltr'>corpora</span> 
     </span>
     <span class='ocr_line' id='line_1_11' title="bbox 57 1524 1370 1613; baseline -0.003 -19"><span class='ocrx_word' id='word_1_99' title='bbox 57 1528 172 1594; x_wconf 79' lang='lat' dir='ltr'>omnia</span> <span class='ocrx_word' id='word_1_100' title='bbox 182 1526 335 1605; x_wconf 85' lang='lat' dir='ltr'>coeleetia,</span> <span class='ocrx_word' id='word_1_101' title='bbox 359 1546 431 1612; x_wconf 79' lang='lat' dir='ltr'>quar</span> <span class='ocrx_word' id='word_1_102' title='bbox 446 1525 545 1590; x_wconf 82' lang='lat' dir='ltr'>solem</span> <span class='ocrx_word' id='word_1_103' title='bbox 560 1525 761 1603; x_wconf 74' lang='lat' dir='ltr'>comitantur,</span> <span class='ocrx_word' id='word_1_104' title='bbox 779 1548 814 1599; x_wconf 82' lang='lat' dir='ltr'>se</span> <span class='ocrx_word' id='word_1_105' title='bbox 827 1524 939 1590; x_wconf 75' lang='lat' dir='ltr'>mutuo</span> <span class='ocrx_word' id='word_1_106' title='bbox 948 1524 1115 1591; x_wconf 80' lang='lat' dir='ltr'>attrahere.</span> <span class='ocrx_word' id='word_1_107' title='bbox 1162 1525 1370 1613; x_wconf 81' lang='lat' dir='ltr'>Singulorum</span> 
     </span>
     <span class='ocr_line' id='line_1_12' title="bbox 58 1623 1370 1724; baseline -0.002 -23"><span class='ocrx_word' id='word_1_108' title='bbox 58 1657 139 1724; x_wconf 85' lang='lat' dir='ltr'>ergo</span> <span class='ocrx_word' id='word_1_109' title='bbox 166 1631 345 1720; x_wconf 68' lang='lat' dir='ltr'>particulae,</span> <span class='ocrx_word' id='word_1_110' title='bbox 368 1653 504 1720; x_wconf 86' lang='lat' dir='ltr'>quaeque</span> <span class='ocrx_word' id='word_1_111' title='bbox 520 1623 681 1711; x_wconf 74' lang='lat' dir='ltr'>minimas,</span> <span class='ocrx_word' id='word_1_112' title='bbox 705 1632 787 1698; x_wconf 85' lang='lat' dir='ltr'>vires</span> <span class='ocrx_word' id='word_1_113' title='bbox 809 1654 881 1698; x_wconf 88' lang='lat' dir='ltr'>suas</span> <span class='ocrx_word' id='word_1_114' title='bbox 908 1626 1086 1698; x_wconf 73' lang='lat' dir='ltr'>atbactiras</span> <span class='ocrx_word' id='word_1_115' title='bbox 1112 1632 1284 1712; x_wconf 79' lang='lat' dir='ltr'>habebunt,</span> <span class='ocrx_word' id='word_1_116' title='bbox 1307 1655 1370 1719; x_wconf 89' lang='lat' dir='ltr'>pro</span> 
     </span>
     <span class='ocr_line' id='line_1_13' title="bbox 58 1740 1371 1834; baseline -0.002 -22"><span class='ocrx_word' id='word_1_117' title='bbox 58 1744 238 1834; x_wconf 75' lang='lat' dir='ltr'>quantitate</span> <span class='ocrx_word' id='word_1_118' title='bbox 250 1741 393 1808; x_wconf 83' lang='lat' dir='ltr'>materiae</span> <span class='ocrx_word' id='word_1_119' title='bbox 407 1741 561 1827; x_wconf 83' lang='lat' dir='ltr'>pollentes</span> <span class='ocrx_word' id='word_1_120' title='bbox 568 1765 580 1819; x_wconf 80' lang='lat'><em>3</em></span> <span class='ocrx_word' id='word_1_121' title='bbox 602 1740 871 1828; x_wconf 83' lang='lat' dir='ltr'>quamadmodum</span> <span class='ocrx_word' id='word_1_122' title='bbox 885 1740 1034 1827; x_wconf 75' lang='lat' dir='ltr'>saprade</span> <span class='ocrx_word' id='word_1_123' title='bbox 1048 1743 1248 1809; x_wconf 83' lang='lat' dir='ltr'>terrestribus</span> <span class='ocrx_word' id='word_1_124' title='bbox 1262 1754 1371 1809; x_wconf 84' lang='lat' dir='ltr'>osten·</span> 
     </span>
     <span class='ocr_line' id='line_1_14' title="bbox 58 1838 1416 1938; baseline -0.004 -16"><span class='ocrx_word' id='word_1_125' title='bbox 58 1878 130 1921; x_wconf 81' lang='lat' dir='ltr'>aum</span> <span class='ocrx_word' id='word_1_126' title='bbox 144 1867 204 1921; x_wconf 78' lang='lat' dir='ltr'>est.</span> <span class='ocrx_word' id='word_1_127' title='bbox 250 1855 291 1921; x_wconf 93' lang='lat' dir='ltr'>Iu</span> <span class='ocrx_word' id='word_1_128' title='bbox 303 1853 435 1918; x_wconf 89' lang='lat' dir='ltr'>diversis</span> <span class='ocrx_word' id='word_1_129' title='bbox 450 1865 555 1917; x_wconf 86' lang='lat' dir='ltr'>autem</span> <span class='ocrx_word' id='word_1_130' title='bbox 581 1851 746 1937; x_wconf 80' lang='lat' dir='ltr'>distantiis,</span> <span class='ocrx_word' id='word_1_131' title='bbox 770 1862 865 1916; x_wconf 91' lang='lat' dir='ltr'>erunt</span> <span class='ocrx_word' id='word_1_132' title='bbox 886 1863 919 1917; x_wconf 91' lang='lat' dir='ltr'>et</span> <span class='ocrx_word' id='word_1_133' title='bbox 939 1851 1055 1916; x_wconf 89' lang='lat' dir='ltr'>harum</span> <span class='ocrx_word' id='word_1_134' title='bbox 1068 1852 1195 1918; x_wconf 88' lang='lat' dir='ltr'>viresin</span> <span class='ocrx_word' id='word_1_135' title='bbox 1210 1851 1371 1938; x_wconf 72' lang='lat' dir='ltr'>duplicata</span> <span class='ocrx_word' id='word_1_136' title='bbox 1413 1838 1416 1843; x_wconf 32' lang='lat'><em>¹</em></span> 
     </span>
     <span class='ocr_line' id='line_1_15' title="bbox 58 1959 1370 2050; baseline -0.004 -19"><span class='ocrx_word' id='word_1_137' title='bbox 58 1965 184 2031; x_wconf 73' lang='lat' dir='ltr'>ratiom</span> <span class='ocrx_word' id='word_1_138' title='bbox 197 1962 420 2028; x_wconf 76' lang='lat' dir='ltr'>distantiarum</span> <span class='ocrx_word' id='word_1_139' title='bbox 442 1959 623 2045; x_wconf 71' lang='lat' dir='ltr'>reciproci:</span> <span class='ocrx_word' id='word_1_140' title='bbox 645 1982 721 2025; x_wconf 89' lang='lat' dir='ltr'>nam</span> <span class='ocrx_word' id='word_1_141' title='bbox 746 1981 788 2025; x_wconf 84' lang='lat' dir='ltr'>ex</span> <span class='ocrx_word' id='word_1_142' title='bbox 815 1960 977 2046; x_wconf 82' lang='lat' dir='ltr'>particulis</span> <span class='ocrx_word' id='word_1_143' title='bbox 991 1959 1053 2027; x_wconf 91' lang='lat' dir='ltr'>hac</span> <span class='ocrx_word' id='word_1_144' title='bbox 1077 1960 1148 2050; x_wconf 87' lang='lat' dir='ltr'>lege</span> <span class='ocrx_word' id='word_1_145' title='bbox 1173 1963 1370 2029; x_wconf 84' lang='lat' dir='ltr'>trahentibus</span> 
     </span>
     <span class='ocr_line' id='line_1_16' title="bbox 50 2068 1371 2159; baseline -0.002 -19"><span class='ocrx_word' id='word_1_146' title='bbox 50 2074 213 2159; x_wconf 83' lang='lat' dir='ltr'>‚componi</span> <span class='ocrx_word' id='word_1_147' title='bbox 225 2071 344 2137; x_wconf 89' lang='lat' dir='ltr'>debere</span> <span class='ocrx_word' id='word_1_148' title='bbox 358 2070 474 2159; x_wconf 82' lang='lat' dir='ltr'>globos</span> <span class='ocrx_word' id='word_1_149' title='bbox 489 2069 601 2134; x_wconf 89' lang='lat' dir='ltr'>eadem</span> <span class='ocrx_word' id='word_1_150' title='bbox 616 2068 686 2158; x_wconf 89' lang='lat' dir='ltr'>lege</span> <span class='ocrx_word' id='word_1_151' title='bbox 701 2068 872 2147; x_wconf 87' lang='lat' dir='ltr'>trahentes,</span> <span class='ocrx_word' id='word_1_152' title='bbox 882 2069 1112 2136; x_wconf 68' lang='lat' dir='ltr'>mathematice</span> <span class='ocrx_word' id='word_1_153' title='bbox 1126 2070 1371 2138; x_wconf 87' lang='lat' dir='ltr'>demonstratur.</span> 
     </span>
    </p>

    <p class='ocr_par' dir='ltr' id='par_1_4' title="bbox 58 2178 1375 2810">
     <span class='ocr_line' id='line_1_17' title="bbox 102 2178 1372 2266; baseline -0.002 -19"><span class='ocrx_word' id='word_1_154' title='bbox 102 2180 338 2248; x_wconf 77' lang='lat' dir='ltr'>conclusiones</span> <span class='ocrx_word' id='word_1_155' title='bbox 352 2178 568 2264; x_wconf 84' lang='lat' dir='ltr'>praecedentes</span> <span class='ocrx_word' id='word_1_156' title='bbox 582 2178 657 2242; x_wconf 92' lang='lat' dir='ltr'>huic</span> <span class='ocrx_word' id='word_1_157' title='bbox 671 2179 849 2245; x_wconf 91' lang='lat' dir='ltr'>innituntur</span> <span class='ocrx_word' id='word_1_158' title='bbox 871 2179 1032 2259; x_wconf 85' lang='lat' dir='ltr'>axiomati,</span> <span class='ocrx_word' id='word_1_159' title='bbox 1056 2180 1142 2266; x_wconf 90' lang='lat' dir='ltr'>quod</span> <span class='ocrx_word' id='word_1_160' title='bbox 1162 2204 1182 2245; x_wconf 91' lang='lat' dir='ltr'>a</span> <span class='ocrx_word' id='word_1_161' title='bbox 1196 2181 1291 2245; x_wconf 92' lang='lat' dir='ltr'>nullis</span> <span class='ocrx_word' id='word_1_162' title='bbox 1300 2202 1372 2245; x_wconf 90' lang='lat' dir='ltr'>nou</span> 
     </span>
     <span class='ocr_line' id='line_1_18' title="bbox 58 2288 1372 2379; baseline -0.002 -22"><span class='ocrx_word' id='word_1_163' title='bbox 58 2293 214 2379; x_wconf 85' lang='lat' dir='ltr'>recipitur</span> <span class='ocrx_word' id='word_1_164' title='bbox 227 2288 447 2377; x_wconf 83' lang='lat' dir='ltr'>philosophis3</span> <span class='ocrx_word' id='word_1_165' title='bbox 469 2288 638 2354; x_wconf 83' lang='lat' dir='ltr'>effectuum</span> <span class='ocrx_word' id='word_1_166' title='bbox 653 2289 772 2354; x_wconf 87' lang='lat' dir='ltr'>scilicet</span> <span class='ocrx_word' id='word_1_167' title='bbox 790 2288 931 2375; x_wconf 88' lang='lat' dir='ltr'>ejusdem</span> <span class='ocrx_word' id='word_1_168' title='bbox 946 2288 1083 2377; x_wconf 86' lang='lat' dir='ltr'>generis,</span> <span class='ocrx_word' id='word_1_169' title='bbox 1107 2311 1242 2376; x_wconf 90' lang='lat' dir='ltr'>quorum</span> <span class='ocrx_word' id='word_1_170' title='bbox 1256 2311 1372 2375; x_wconf 90' lang='lat' dir='ltr'>nempe</span> 
     </span>
     <span class='ocr_line' id='line_1_19' title="bbox 60 2395 1373 2490; baseline 0 -27"><span class='ocrx_word' id='word_1_171' title='bbox 60 2422 133 2490; x_wconf 77' lang='lat' dir='ltr'>quar</span> <span class='ocrx_word' id='word_1_172' title='bbox 147 2409 388 2488; x_wconf 88' lang='lat' dir='ltr'>cognoscuntur</span> <span class='ocrx_word' id='word_1_173' title='bbox 402 2395 611 2482; x_wconf 85' lang='lat' dir='ltr'>proprietates</span> <span class='ocrx_word' id='word_1_174' title='bbox 626 2395 748 2462; x_wconf 72' lang='lat' dir='ltr'>eadem</span> <span class='ocrx_word' id='word_1_175' title='bbox 762 2408 845 2475; x_wconf 83' lang='lat' dir='ltr'>sunt,</span> <span class='ocrx_word' id='word_1_176' title='bbox 864 2395 992 2461; x_wconf 86' lang='lat' dir='ltr'>easdem</span> <span class='ocrx_word' id='word_1_177' title='bbox 1001 2419 1070 2462; x_wconf 88' lang='lat' dir='ltr'>esse</span> <span class='ocrx_word' id='word_1_178' title='bbox 1079 2418 1188 2462; x_wconf 84' lang='lat' dir='ltr'>causas</span> <span class='ocrx_word' id='word_1_179' title='bbox 1199 2413 1232 2462; x_wconf 88' lang='lat' dir='ltr'>et</span> <span class='ocrx_word' id='word_1_180' title='bbox 1246 2398 1373 2463; x_wconf 90' lang='lat' dir='ltr'>easdem</span> 
     </span>
     <span class='ocr_line' id='line_1_20' title="bbox 64 2502 1373 2594; baseline 0 -24"><span class='ocrx_word' id='word_1_181' title='bbox 64 2530 132 2575; x_wconf 75' lang='lat' dir='ltr'>erse</span> <span class='ocrx_word' id='word_1_182' title='bbox 155 2505 371 2594; x_wconf 77' lang='lat' dir='ltr'>proprietates</span> <span class='ocrx_word' id='word_1_183' title='bbox 395 2525 480 2590; x_wconf 70' lang='lat' dir='ltr'>quae,</span> <span class='ocrx_word' id='word_1_184' title='bbox 493 2502 636 2569; x_wconf 86' lang='lat' dir='ltr'>nonddm</span> <span class='ocrx_word' id='word_1_185' title='bbox 660 2517 903 2593; x_wconf 84' lang='lat' dir='ltr'>cognoscuntur.</span> <span class='ocrx_word' id='word_1_186' title='bbox 959 2503 1041 2583; x_wconf 87' lang='lat' dir='ltr'>Quis</span> <span class='ocrx_word' id='word_1_187' title='bbox 1065 2506 1150 2571; x_wconf 92' lang='lat' dir='ltr'>enim</span> <span class='ocrx_word' id='word_1_188' title='bbox 1180 2506 1314 2585; x_wconf 85' lang='lat' dir='ltr'>dubitat,</span> <span class='ocrx_word' id='word_1_189' title='bbox 1345 2505 1373 2570; x_wconf 91' lang='lat' dir='ltr'>si</span> 
     </span>
     <span class='ocr_line' id='line_1_21' title="bbox 61 2610 1375 2704; baseline -0.002 -23"><span class='ocrx_word' id='word_1_190' title='bbox 61 2615 203 2704; x_wconf 78' lang='lat' dir='ltr'>gravitas</span> <span class='ocrx_word' id='word_1_191' title='bbox 217 2612 261 2679; x_wconf 90' lang='lat' dir='ltr'>sit</span> <span class='ocrx_word' id='word_1_192' title='bbox 273 2634 368 2677; x_wconf 88' lang='lat' dir='ltr'>causa</span> <span class='ocrx_word' id='word_1_193' title='bbox 378 2610 553 2681; x_wconf 72' lang='lat' dir='ltr'>,descensis</span> <span class='ocrx_word' id='word_1_194' title='bbox 567 2611 685 2697; x_wconf 76' lang='lat' dir='ltr'>lepidis</span> <span class='ocrx_word' id='word_1_195' title='bbox 702 2612 736 2676; x_wconf 89' lang='lat' dir='ltr'>in</span> <span class='ocrx_word' id='word_1_196' title='bbox 752 2612 893 2697; x_wconf 89' lang='lat' dir='ltr'>Europa,</span> <span class='ocrx_word' id='word_1_197' title='bbox 911 2612 988 2700; x_wconf 90' lang='lat' dir='ltr'>quin</span> <span class='ocrx_word' id='word_1_198' title='bbox 1004 2613 1116 2679; x_wconf 86' lang='lat' dir='ltr'>eadem</span> <span class='ocrx_word' id='word_1_199' title='bbox 1138 2614 1179 2679; x_wconf 90' lang='lat' dir='ltr'>sit</span> <span class='ocrx_word' id='word_1_200' title='bbox 1200 2637 1296 2680; x_wconf 90' lang='lat' dir='ltr'>causa</span> <span class='ocrx_word' id='word_1_201' title='bbox 1316 2614 1375 2693; x_wconf 71' lang='lat' dir='ltr'>‹le-¹</span> 
     </span>
     <span class='ocr_line' id='line_1_22' title="bbox 61 2719 1371 2810; baseline 0.002 -23"><span class='ocrx_word' id='word_1_202' title='bbox 61 2747 193 2793; x_wconf 67' lang='lat' dir='ltr'>:census</span> <span class='ocrx_word' id='word_1_203' title='bbox 215 2724 252 2787; x_wconf 88' lang='lat' dir='ltr'>in</span> <span class='ocrx_word' id='word_1_204' title='bbox 267 2719 440 2788; x_wconf 76' lang='lat' dir='ltr'>America?</span> <span class='ocrx_word' id='word_1_205' title='bbox 462 2721 498 2788; x_wconf 86' lang='lat' dir='ltr'>Si</span> <span class='ocrx_word' id='word_1_206' title='bbox 511 2721 649 2810; x_wconf 85' lang='lat' dir='ltr'>gravitas</span> <span class='ocrx_word' id='word_1_207' title='bbox 669 2733 780 2786; x_wconf 87' lang='lat' dir='ltr'>mutua</span> <span class='ocrx_word' id='word_1_208' title='bbox 793 2720 888 2786; x_wconf 87' lang='lat' dir='ltr'>fuerit</span> <span class='ocrx_word' id='word_1_209' title='bbox 901 2722 985 2787; x_wconf 85' lang='lat' dir='ltr'>inter</span> <span class='ocrx_word' id='word_1_210' title='bbox 1005 2722 1144 2809; x_wconf 87' lang='lat' dir='ltr'>lapidem</span> <span class='ocrx_word' id='word_1_211' title='bbox 1159 2735 1192 2789; x_wconf 91' lang='lat' dir='ltr'>et</span> <span class='ocrx_word' id='word_1_212' title='bbox 1206 2736 1322 2789; x_wconf 86' lang='lat' dir='ltr'>terram</span> <span class='ocrx_word' id='word_1_213' title='bbox 1337 2724 1371 2789; x_wconf 92' lang='lat' dir='ltr'>in</span> 
     </span>
    </p>
   </div>
   <div class='ocr_carea' id='block_1_3' title="bbox 61 2827 1515 2920">
    <p class='ocr_par' dir='ltr' id='par_1_5' title="bbox 61 2827 1515 2920">
     <span class='ocr_line' id='line_1_23' title="bbox 61 2827 1515 2920; baseline 0.012 -32"><span class='ocrx_word' id='word_1_214' title='bbox 61 2831 217 2917; x_wconf 56' lang='lat' dir='ltr'>Eur-opu</span> <span class='ocrx_word' id='word_1_215' title='bbox 237 2829 311 2917; x_wconf 56' lang='lat' dir='ltr'>,quis</span> <span class='ocrx_word' id='word_1_216' title='bbox 324 2828 454 2917; x_wconf 89' lang='lat' dir='ltr'>negabit</span> <span class='ocrx_word' id='word_1_217' title='bbox 460 2842 605 2920; x_wconf 78' lang='lat' dir='ltr'>¹mutuam</span> <span class='ocrx_word' id='word_1_218' title='bbox 617 2851 687 2895; x_wconf 85' lang='lat' dir='ltr'>esse</span> <span class='ocrx_word' id='word_1_219' title='bbox 708 2828 742 2892; x_wconf 93' lang='lat' dir='ltr'>in</span> <span class='ocrx_word' id='word_1_220' title='bbox 758 2827 932 2896; x_wconf 80' lang='lat' dir='ltr'>America?</span> <span class='ocrx_word' id='word_1_221' title='bbox 962 2830 998 2896; x_wconf 86' lang='lat' dir='ltr'>si</span> <span class='ocrx_word' id='word_1_222' title='bbox 1019 2831 1066 2895; x_wconf 79' lang='lat' dir='ltr'>vis</span> <span class='ocrx_word' id='word_1_223' title='bbox 1083 2832 1247 2897; x_wconf 85' lang='lat' dir='ltr'>attractiva</span> <span class='ocrx_word' id='word_1_224' title='bbox 1260 2832 1375 2920; x_wconf 88' lang='lat' dir='ltr'>lapidis</span> <span class='ocrx_word' id='word_1_225' title='bbox 1510 2830 1515 2839; x_wconf 76' lang='grc'><strong>’</strong></span> 
     </span>
    </p>
   </div>
   <div class='ocr_carea' id='block_1_4' title="bbox 63 2939 1417 4729">
    <p class='ocr_par' dir='ltr' id='par_1_6' title="bbox 63 2939 1378 3792">
     <span class='ocr_line' id='line_1_24' title="bbox 63 2939 1376 3031; baseline 0.003 -24"><span class='ocrx_word' id='word_1_226' title='bbox 63 2956 95 3008; x_wconf 82' lang='lat' dir='ltr'>at</span> <span class='ocrx_word' id='word_1_227' title='bbox 107 2955 217 3010; x_wconf 73' lang='lat' dir='ltr'>terrie</span> <span class='ocrx_word' id='word_1_228' title='bbox 241 2954 461 3026; x_wconf 87' lang='lat' dir='ltr'>componatur,</span> <span class='ocrx_word' id='word_1_229' title='bbox 485 2941 519 3004; x_wconf 91' lang='lat' dir='ltr'>in</span> <span class='ocrx_word' id='word_1_230' title='bbox 543 2940 685 3025; x_wconf 86' lang='lat' dir='ltr'>Europa,</span> <span class='ocrx_word' id='word_1_231' title='bbox 713 2961 755 3004; x_wconf 89' lang='lat' dir='ltr'>ex</span> <span class='ocrx_word' id='word_1_232' title='bbox 779 2939 897 3005; x_wconf 87' lang='lat' dir='ltr'>viribus</span> <span class='ocrx_word' id='word_1_233' title='bbox 908 2998 911 3002; x_wconf 91' lang='lat'><em>.</em></span> <span class='ocrx_word' id='word_1_234' title='bbox 922 2940 1092 3006; x_wconf 84' lang='lat' dir='ltr'>attractivis</span> <span class='ocrx_word' id='word_1_235' title='bbox 1115 2942 1270 3027; x_wconf 81' lang='lat' dir='ltr'>portium3</span> <span class='ocrx_word' id='word_1_236' title='bbox 1304 2944 1376 3031; x_wconf 84' lang='lat' dir='ltr'>quia</span> 
     </span>
     <span class='ocr_line' id='line_1_25' title="bbox 63 3043 1377 3140; baseline 0.002 -26"><span class='ocrx_word' id='word_1_237' title='bbox 63 3051 196 3140; x_wconf 79' lang='lat' dir='ltr'>negabit</span> <span class='ocrx_word' id='word_1_238' title='bbox 214 3049 350 3116; x_wconf 91' lang='lat' dir='ltr'>similem</span> <span class='ocrx_word' id='word_1_239' title='bbox 372 3043 445 3115; x_wconf 56' lang='lat' dir='ltr'>essex</span> <span class='ocrx_word' id='word_1_240' title='bbox 459 3049 720 3135; x_wconf 87' lang='lat' dir='ltr'>compositionem</span> <span class='ocrx_word' id='word_1_241' title='bbox 740 3048 775 3111; x_wconf 91' lang='lat' dir='ltr'>in</span> <span class='ocrx_word' id='word_1_242' title='bbox 790 3046 963 3113; x_wconf 81' lang='lat' dir='ltr'>Ameriae?</span> <span class='ocrx_word' id='word_1_243' title='bbox 993 3048 1028 3114; x_wconf 88' lang='lat' dir='ltr'>si</span> <span class='ocrx_word' id='word_1_244' title='bbox 1049 3050 1196 3114; x_wconf 89' lang='lat' dir='ltr'>attractio</span> <span class='ocrx_word' id='word_1_245' title='bbox 1216 3063 1320 3116; x_wconf 84' lang='lat' dir='ltr'>terroe.</span> <span class='ocrx_word' id='word_1_246' title='bbox 1333 3051 1377 3116; x_wconf 90' lang='lat' dir='ltr'>ad</span> 
     </span>
     <span class='ocr_line' id='line_1_26' title="bbox 65 3155 1376 3247; baseline -0.002 -22"><span class='ocrx_word' id='word_1_247' title='bbox 65 3158 174 3225; x_wconf 85' lang='lat' dir='ltr'>omnia</span> <span class='ocrx_word' id='word_1_248' title='bbox 193 3180 367 3244; x_wconf 85' lang='lat' dir='ltr'>corporum</span> <span class='ocrx_word' id='word_1_249' title='bbox 379 3180 498 3247; x_wconf 87' lang='lat' dir='ltr'>genera</span> <span class='ocrx_word' id='word_1_250' title='bbox 518 3169 551 3222; x_wconf 85' lang='lat' dir='ltr'>et</span> <span class='ocrx_word' id='word_1_251' title='bbox 571 3156 613 3221; x_wconf 84' lang='lat' dir='ltr'>ad</span> <span class='ocrx_word' id='word_1_252' title='bbox 636 3177 749 3227; x_wconf 86' lang='lat' dir='ltr'>omnes</span> <span class='ocrx_word' id='word_1_253' title='bbox 766 3155 931 3220; x_wconf 86' lang='lat' dir='ltr'>distantias</span> <span class='ocrx_word' id='word_1_254' title='bbox 952 3169 1146 3243; x_wconf 88' lang='lat' dir='ltr'>propagetur</span> <span class='ocrx_word' id='word_1_255' title='bbox 1170 3158 1203 3220; x_wconf 94' lang='lat' dir='ltr'>in</span> <span class='ocrx_word' id='word_1_256' title='bbox 1227 3159 1376 3245; x_wconf 72' lang='lat' dir='ltr'>Europa,</span> 
     </span>
     <span class='ocr_line' id='line_1_27' title="bbox 66 3262 1378 3357; baseline -0.003 -23"><span class='ocrx_word' id='word_1_257' title='bbox 66 3269 178 3357; x_wconf 86' lang='lat' dir='ltr'>quidni</span> <span class='ocrx_word' id='word_1_258' title='bbox 203 3268 324 3354; x_wconf 86' lang='lat' dir='ltr'>pariter</span> <span class='ocrx_word' id='word_1_259' title='bbox 348 3267 519 3354; x_wconf 85' lang='lat' dir='ltr'>propagari</span> <span class='ocrx_word' id='word_1_260' title='bbox 544 3265 687 3330; x_wconf 90' lang='lat' dir='ltr'>dicamus</span> <span class='ocrx_word' id='word_1_261' title='bbox 712 3265 747 3329; x_wconf 91' lang='lat' dir='ltr'>in</span> <span class='ocrx_word' id='word_1_262' title='bbox 763 3262 937 3330; x_wconf 81' lang='lat' dir='ltr'>Ameriae?</span> <span class='ocrx_word' id='word_1_263' title='bbox 959 3265 999 3329; x_wconf 88' lang='lat' dir='ltr'>Iu</span> <span class='ocrx_word' id='word_1_264' title='bbox 1021 3262 1082 3328; x_wconf 90' lang='lat' dir='ltr'>hao</span> <span class='ocrx_word' id='word_1_265' title='bbox 1102 3265 1213 3354; x_wconf 86' lang='lat' dir='ltr'>regula</span> <span class='ocrx_word' id='word_1_266' title='bbox 1226 3266 1378 3346; x_wconf 85' lang='lat' dir='ltr'>fundatur</span> 
     </span>
     <span class='ocr_line' id='line_1_28' title="bbox 65 3372 1377 3465; baseline -0.003 -19"><span class='ocrx_word' id='word_1_267' title='bbox 65 3380 172 3445; x_wconf 83' lang='lat' dir='ltr'>omnis</span> <span class='ocrx_word' id='word_1_268' title='bbox 185 3377 407 3465; x_wconf 85' lang='lat' dir='ltr'>philosophia:</span> <span class='ocrx_word' id='word_1_269' title='bbox 418 3377 548 3464; x_wconf 81' lang='lat' dir='ltr'>,quippe</span> <span class='ocrx_word' id='word_1_270' title='bbox 563 3373 624 3461; x_wconf 73' lang='lat' dir='ltr'>qui</span> <span class='ocrx_word' id='word_1_271' title='bbox 648 3373 772 3440; x_wconf 77' lang='lat' dir='ltr'>sublati</span> <span class='ocrx_word' id='word_1_272' title='bbox 787 3373 866 3438; x_wconf 91' lang='lat' dir='ltr'>nihil</span> <span class='ocrx_word' id='word_1_273' title='bbox 883 3372 1045 3438; x_wconf 85' lang='lat' dir='ltr'>affirmare</span> <span class='ocrx_word' id='word_1_274' title='bbox 1059 3374 1216 3457; x_wconf 86' lang='lat' dir='ltr'>possimus</span> <span class='ocrx_word' id='word_1_275' title='bbox 1239 3375 1281 3441; x_wconf 91' lang='lat' dir='ltr'>de</span> <span class='ocrx_word' id='word_1_276' title='bbox 1306 3377 1377 3442; x_wconf 89' lang='lat' dir='ltr'>uni-</span> 
     </span>
     <span class='ocr_line' id='line_1_29' title="bbox 66 3482 1378 3572; baseline -0.002 -17"><span class='ocrx_word' id='word_1_277' title='bbox 66 3490 179 3557; x_wconf 76' lang='lat' dir='ltr'>versis.</span> <span class='ocrx_word' id='word_1_278' title='bbox 226 3487 420 3555; x_wconf 87' lang='lat' dir='ltr'>Constitutio</span> <span class='ocrx_word' id='word_1_279' title='bbox 434 3508 541 3551; x_wconf 88' lang='lat' dir='ltr'>rerum</span> <span class='ocrx_word' id='word_1_280' title='bbox 553 3483 749 3572; x_wconf 80' lang='lat' dir='ltr'>singularum</span> <span class='ocrx_word' id='word_1_281' title='bbox 763 3482 930 3548; x_wconf 84' lang='lat' dir='ltr'>innotescit</span> <span class='ocrx_word' id='word_1_282' title='bbox 951 3505 1010 3568; x_wconf 91' lang='lat' dir='ltr'>per</span> <span class='ocrx_word' id='word_1_283' title='bbox 1025 3482 1259 3555; x_wconf 80' lang='lat' dir='ltr'>observationes</span> <span class='ocrx_word' id='word_1_284' title='bbox 1274 3497 1307 3550; x_wconf 91' lang='lat' dir='ltr'>et</span> <span class='ocrx_word' id='word_1_285' title='bbox 1320 3508 1378 3561; x_wconf 53' lang='grc' dir='ltr'>ειη</span> 
     </span>
     <span class='ocr_line' id='line_1_30' title="bbox 67 3589 1377 3686; baseline 0.002 -25"><span class='ocrx_word' id='word_1_286' title='bbox 67 3597 272 3686; x_wconf 65' lang='grc' dir='ltr'>ιιειὶιιιειιῐιιε4</span> <span class='ocrx_word' id='word_1_287' title='bbox 288 3595 363 3663; x_wconf 90' lang='lat' dir='ltr'>inde</span> <span class='ocrx_word' id='word_1_288' title='bbox 382 3592 459 3661; x_wconf 81' lang='lat' dir='ltr'>verb</span> <span class='ocrx_word' id='word_1_289' title='bbox 472 3615 538 3661; x_wconf 90' lang='lat' dir='ltr'>nou</span> <span class='ocrx_word' id='word_1_290' title='bbox 552 3592 614 3657; x_wconf 87' lang='lat' dir='ltr'>nisi</span> <span class='ocrx_word' id='word_1_291' title='bbox 636 3614 695 3677; x_wconf 88' lang='lat' dir='ltr'>per</span> <span class='ocrx_word' id='word_1_292' title='bbox 717 3590 800 3657; x_wconf 88' lang='lat' dir='ltr'>hanc</span> <span class='ocrx_word' id='word_1_293' title='bbox 815 3590 957 3680; x_wconf 84' lang='lat' dir='ltr'>regulam</span> <span class='ocrx_word' id='word_1_294' title='bbox 972 3589 1014 3655; x_wconf 89' lang='lat' dir='ltr'>de</span> <span class='ocrx_word' id='word_1_295' title='bbox 1034 3612 1142 3656; x_wconf 89' lang='lat' dir='ltr'>rerum</span> <span class='ocrx_word' id='word_1_296' title='bbox 1161 3593 1377 3662; x_wconf 86' lang='lat' dir='ltr'>universarum</span> 
     </span>
     <span class='ocr_line' id='line_1_31' title="bbox 65 3703 1000 3792; baseline -0.004 -19"><span class='ocrx_word' id='word_1_297' title='bbox 65 3703 185 3773; x_wconf 72' lang='lat' dir='ltr'>murt</span> <span class='ocrx_word' id='word_1_298' title='bbox 195 3705 405 3792; x_wconf 38' lang='lat' dir='ltr'>judicamus-2</span> <span class='ocrx_word' id='word_1_299' title='bbox 997 3765 1000 3769; x_wconf 74' lang='grc'>,</span> 
     </span>
    </p>

    <p class='ocr_par' dir='ltr' id='par_1_7' title="bbox 67 3812 1417 4671">
     <span class='ocr_line' id='line_1_32' title="bbox 110 3812 1378 3902; baseline 0.003 -23"><span class='ocrx_word' id='word_1_300' title='bbox 110 3814 135 3880; x_wconf 89' lang='lat' dir='ltr'>J</span> <span class='ocrx_word' id='word_1_301' title='bbox 137 3836 191 3879; x_wconf 81' lang='lat' dir='ltr'>am</span> <span class='ocrx_word' id='word_1_302' title='bbox 206 3812 280 3879; x_wconf 84' lang='lat' dir='ltr'>edm</span> <span class='ocrx_word' id='word_1_303' title='bbox 294 3814 405 3902; x_wconf 83' lang='lat' dir='ltr'>gravis</span> <span class='ocrx_word' id='word_1_304' title='bbox 423 3814 488 3880; x_wconf 89' lang='lat' dir='ltr'>sint</span> <span class='ocrx_word' id='word_1_305' title='bbox 500 3814 608 3881; x_wconf 86' lang='lat' dir='ltr'>omnia</span> <span class='ocrx_word' id='word_1_306' title='bbox 624 3835 770 3900; x_wconf 89' lang='lat' dir='ltr'>corpora,</span> <span class='ocrx_word' id='word_1_307' title='bbox 794 3836 866 3901; x_wconf 74' lang='lat' dir='ltr'>quar</span> <span class='ocrx_word' id='word_1_308' title='bbox 881 3814 967 3900; x_wconf 89' lang='lat' dir='ltr'>apud</span> <span class='ocrx_word' id='word_1_309' title='bbox 982 3827 1099 3881; x_wconf 90' lang='lat' dir='ltr'>terram</span> <span class='ocrx_word' id='word_1_310' title='bbox 1111 3817 1160 3882; x_wconf 85' lang='lat' dir='ltr'>vel</span> <span class='ocrx_word' id='word_1_311' title='bbox 1181 3817 1213 3881; x_wconf 92' lang='lat' dir='ltr'>in</span> <span class='ocrx_word' id='word_1_312' title='bbox 1226 3817 1313 3883; x_wconf 84' lang='lat' dir='ltr'>coelis</span> <span class='ocrx_word' id='word_1_313' title='bbox 1328 3840 1378 3883; x_wconf 86' lang='lat' dir='ltr'>ra·</span> 
     </span>
     <span class='ocr_line' id='line_1_33' title="bbox 68 3907 1378 4008; baseline 0.004 -23"><span class='ocrx_word' id='word_1_314' title='bbox 68 3922 248 4008; x_wconf 78' lang='lat' dir='ltr'>permutor,</span> <span class='ocrx_word' id='word_1_315' title='bbox 272 3920 443 4008; x_wconf 86' lang='lat' dir='ltr'>dequibus</span> <span class='ocrx_word' id='word_1_316' title='bbox 457 3921 674 4006; x_wconf 86' lang='lat' dir='ltr'>experimenta</span> <span class='ocrx_word' id='word_1_317' title='bbox 687 3922 738 3987; x_wconf 86' lang='lat' dir='ltr'>vel</span> <span class='ocrx_word' id='word_1_318' title='bbox 761 3907 997 3988; x_wconf 85' lang='lat' dir='ltr'>observationes</span> <span class='ocrx_word' id='word_1_319' title='bbox 1012 3923 1176 3989; x_wconf 85' lang='lat' dir='ltr'>instituere</span> <span class='ocrx_word' id='word_1_320' title='bbox 1195 3924 1286 4002; x_wconf 84' lang='lat' dir='ltr'>licet3</span> <span class='ocrx_word' id='word_1_321' title='bbox 1309 3948 1378 3990; x_wconf 86' lang='lat' dir='ltr'>orn-</span> 
     </span>
     <span class='ocr_line' id='line_1_34' title="bbox 70 4027 1379 4118; baseline 0.002 -22"><span class='ocrx_word' id='word_1_322' title='bbox 70 4027 153 4096; x_wconf 70' lang='lat' dir='ltr'>nint</span> <span class='ocrx_word' id='word_1_323' title='bbox 166 4029 336 4096; x_wconf 85' lang='lat' dir='ltr'>dicandum</span> <span class='ocrx_word' id='word_1_324' title='bbox 347 4029 417 4107; x_wconf 84' lang='lat' dir='ltr'>erit,</span> <span class='ocrx_word' id='word_1_325' title='bbox 427 4028 614 4117; x_wconf 84' lang='lat' dir='ltr'>gravitatem</span> <span class='ocrx_word' id='word_1_326' title='bbox 629 4029 816 4114; x_wconf 88' lang='lat' dir='ltr'>corporibus</span> <span class='ocrx_word' id='word_1_327' title='bbox 831 4028 986 4099; x_wconf 68' lang='lat' dir='ltr'>universis</span> <span class='ocrx_word' id='word_1_328' title='bbox 1000 4044 1190 4116; x_wconf 85' lang='lat' dir='ltr'>competere.</span> <span class='ocrx_word' id='word_1_329' title='bbox 1215 4032 1258 4096; x_wconf 89' lang='lat' dir='ltr'>Et</span> <span class='ocrx_word' id='word_1_330' title='bbox 1269 4055 1379 4118; x_wconf 84' lang='lat' dir='ltr'>quern-</span> 
     </span>
     <span class='ocr_line' id='line_1_35' title="bbox 69 4135 1381 4222; baseline -0.002 -15"><span class='ocrx_word' id='word_1_331' title='bbox 69 4138 246 4207; x_wconf 85' lang='lat' dir='ltr'>admodum</span> <span class='ocrx_word' id='word_1_332' title='bbox 267 4137 358 4204; x_wconf 85' lang='lat' dir='ltr'>nulla</span> <span class='ocrx_word' id='word_1_333' title='bbox 371 4135 497 4222; x_wconf 89' lang='lat' dir='ltr'>concipi</span> <span class='ocrx_word' id='word_1_334' title='bbox 511 4135 629 4202; x_wconf 87' lang='lat' dir='ltr'>debent</span> <span class='ocrx_word' id='word_1_335' title='bbox 643 4158 788 4221; x_wconf 90' lang='lat' dir='ltr'>corpora,</span> <span class='ocrx_word' id='word_1_336' title='bbox 813 4158 886 4222; x_wconf 85' lang='lat' dir='ltr'>quae</span> <span class='ocrx_word' id='word_1_337' title='bbox 912 4159 978 4200; x_wconf 93' lang='lat' dir='ltr'>non</span> <span class='ocrx_word' id='word_1_338' title='bbox 1000 4137 1065 4203; x_wconf 87' lang='lat' dir='ltr'>sint</span> <span class='ocrx_word' id='word_1_339' title='bbox 1087 4151 1227 4215; x_wconf 85' lang='lat' dir='ltr'>extensa,</span> <span class='ocrx_word' id='word_1_340' title='bbox 1251 4139 1381 4205; x_wconf 90' lang='lat' dir='ltr'>mobilia</span> 
     </span>
     <span class='ocr_line' id='line_1_36' title="bbox 67 4241 1380 4335; baseline -0.002 -20"><span class='ocrx_word' id='word_1_341' title='bbox 67 4263 102 4316; x_wconf 82' lang='lat' dir='ltr'>et</span> <span class='ocrx_word' id='word_1_342' title='bbox 126 4245 397 4335; x_wconf 82' lang='lat' dir='ltr'>impenetrabilia3</span> <span class='ocrx_word' id='word_1_343' title='bbox 419 4244 464 4309; x_wconf 88' lang='lat' dir='ltr'>ita</span> <span class='ocrx_word' id='word_1_344' title='bbox 478 4242 566 4308; x_wconf 89' lang='lat' dir='ltr'>nulla</span> <span class='ocrx_word' id='word_1_345' title='bbox 580 4242 704 4328; x_wconf 87' lang='lat' dir='ltr'>concipi</span> <span class='ocrx_word' id='word_1_346' title='bbox 728 4241 855 4322; x_wconf 89' lang='lat' dir='ltr'>debere,</span> <span class='ocrx_word' id='word_1_347' title='bbox 879 4265 951 4330; x_wconf 82' lang='lat' dir='ltr'>quae</span> <span class='ocrx_word' id='word_1_348' title='bbox 971 4266 1036 4309; x_wconf 91' lang='lat' dir='ltr'>non</span> <span class='ocrx_word' id='word_1_349' title='bbox 1060 4245 1122 4309; x_wconf 89' lang='lat' dir='ltr'>sint</span> <span class='ocrx_word' id='word_1_350' title='bbox 1135 4245 1253 4332; x_wconf 80' lang='lat' dir='ltr'>gravia.</span> <span class='ocrx_word' id='word_1_351' title='bbox 1299 4247 1380 4313; x_wconf 91' lang='lat' dir='ltr'>Cor·</span> 
     </span>
     <span class='ocr_line' id='line_1_37' title="bbox 68 4341 1417 4448; baseline -0.003 -25"><span class='ocrx_word' id='word_1_352' title='bbox 68 4381 185 4448; x_wconf 80' lang='lat' dir='ltr'>panim</span> <span class='ocrx_word' id='word_1_353' title='bbox 200 4355 356 4434; x_wconf 80' lang='lat' dir='ltr'>extensio,</span> <span class='ocrx_word' id='word_1_354' title='bbox 380 4351 550 4431; x_wconf 84' lang='lat' dir='ltr'>mobilitas,</span> <span class='ocrx_word' id='word_1_355' title='bbox 573 4363 606 4417; x_wconf 90' lang='lat' dir='ltr'>et</span> <span class='ocrx_word' id='word_1_356' title='bbox 619 4350 901 4435; x_wconf 85' lang='lat' dir='ltr'>impenetrabilitas</span> <span class='ocrx_word' id='word_1_357' title='bbox 915 4374 981 4416; x_wconf 93' lang='lat' dir='ltr'>non</span> <span class='ocrx_word' id='word_1_358' title='bbox 995 4352 1056 4416; x_wconf 89' lang='lat' dir='ltr'>nisi</span> <span class='ocrx_word' id='word_1_359' title='bbox 1070 4374 1129 4437; x_wconf 92' lang='lat' dir='ltr'>per</span> <span class='ocrx_word' id='word_1_360' title='bbox 1151 4354 1380 4437; x_wconf 84' lang='lat' dir='ltr'>experimenta,</span> <span class='ocrx_word' id='word_1_361' title='bbox 1415 4341 1417 4345; x_wconf 23' lang='lat'><strong>¹</strong></span> 
     </span>
     <span class='ocr_line' id='line_1_38' title="bbox 68 4459 1381 4550; baseline 0.002 -21"><span class='ocrx_word' id='word_1_362' title='bbox 68 4472 291 4542; x_wconf 81' lang='lat' dir='ltr'>innotescrmt;</span> <span class='ocrx_word' id='word_1_363' title='bbox 314 4461 429 4531; x_wconf 85' lang='lat' dir='ltr'>eodem</span> <span class='ocrx_word' id='word_1_364' title='bbox 442 4459 538 4548; x_wconf 72' lang='lat' dir='ltr'>planti</span> <span class='ocrx_word' id='word_1_365' title='bbox 559 4459 657 4525; x_wconf 89' lang='lat' dir='ltr'>modo</span> <span class='ocrx_word' id='word_1_366' title='bbox 677 4459 816 4550; x_wconf 85' lang='lat' dir='ltr'>gravitas</span> <span class='ocrx_word' id='word_1_367' title='bbox 836 4459 1013 4526; x_wconf 87' lang='lat' dir='ltr'>innotescit.</span> <span class='ocrx_word' id='word_1_368' title='bbox 1060 4462 1207 4547; x_wconf 90' lang='lat' dir='ltr'>Corpora</span> <span class='ocrx_word' id='word_1_369' title='bbox 1219 4465 1325 4529; x_wconf 88' lang='lat' dir='ltr'>omnia</span> <span class='ocrx_word' id='word_1_370' title='bbox 1340 4464 1381 4533; x_wconf 85' lang='lat' dir='ltr'>de</span> 
     </span>
     <span class='ocr_line' id='line_1_39' title="bbox 69 4571 1381 4671; baseline -0.002 -28"><span class='ocrx_word' id='word_1_371' title='bbox 69 4580 184 4671; x_wconf 80' lang='lat' dir='ltr'>‹pribus</span> <span class='ocrx_word' id='word_1_372' title='bbox 194 4571 436 4671; x_wconf 63' lang='lat' dir='ltr'>observationes</span> <span class='ocrx_word' id='word_1_373' title='bbox 450 4571 614 4668; x_wconf 79' lang='lat' dir='ltr'>habemus,</span> <span class='ocrx_word' id='word_1_374' title='bbox 638 4583 771 4636; x_wconf 78' lang='lat' dir='ltr'>extensa</span> <span class='ocrx_word' id='word_1_375' title='bbox 784 4583 860 4637; x_wconf 82' lang='lat' dir='ltr'>sunt</span> <span class='ocrx_word' id='word_1_376' title='bbox 873 4584 907 4637; x_wconf 89' lang='lat' dir='ltr'>et</span> <span class='ocrx_word' id='word_1_377' title='bbox 921 4572 1051 4637; x_wconf 88' lang='lat' dir='ltr'>mobilia</span> <span class='ocrx_word' id='word_1_378' title='bbox 1064 4589 1097 4639; x_wconf 91' lang='lat' dir='ltr'>et</span> <span class='ocrx_word' id='word_1_379' title='bbox 1111 4574 1381 4662; x_wconf 80' lang='lat' dir='ltr'>impenetrabilia:</span> 
     </span>
    </p>

    <p class='ocr_par' dir='ltr' id='par_1_8' title="bbox 700 4681 749 4729">
     <span class='ocr_line' id='line_1_40' title="bbox 700 4681 749 4729; baseline -0.02 0"><span class='ocrx_word' id='word_1_380' title='bbox 700 4681 716 4729; x_wconf 88' lang='lat' dir='ltr'>h</span> <span class='ocrx_word' id='word_1_381' title='bbox 732 4684 749 4728; x_wconf 77' lang='lat'>2</span> 
     </span>
    </p>
   </div>
   <div class='ocr_carea' id='block_1_5' title="bbox 0 0 1570 5534">
    <p class='ocr_par' dir='ltr' id='par_1_9' title="bbox 0 0 1570 5534">
     <span class='ocr_line' id='line_1_41' title="bbox 0 0 1570 5534; baseline 0 0"><span class='ocrx_word' id='word_1_382' title='bbox 0 0 1570 5534; x_wconf 95' lang='lat' dir='ltr'> </span> 
     </span>
    </p>
   </div>
  </div>
 </body>
</html>
