3074 5520
122 294 186 375 Slts
438 276 779 353 PHILOSOPHIAE
801 274 1083 343 NATURALIS
1152 271 1268 354 [Mor.
1285 270 1421 336 Conror.

119 465 197 520 nant
211 453 293 517 inter
303 474 349 532 se.
395 449 448 516 Sic
462 450 495 514 in
509 447 664 535 principio
680 446 761 534 signi
776 445 926 533 Virginis,
955 444 1010 508 ubi
1033 441 1207 528 apheliurn
1230 441 1347 505 Martis
1363 443 1419 525 jun

119 573 272 639 versatur,
294 560 439 625 distantia
453 559 535 623 inter
548 559 640 623 orbes
656 556 771 621 Martis
785 568 817 620 et
831 556 964 621 Veneris
980 567 1027 620 est
1042 554 1087 621 ed
1102 553 1295 617 distantiam
1316 574 1416 616 eorun-

121 668 195 733 dem
220 667 344 730 orbium
366 666 399 728 in
421 647 577 751 principio
597 663 678 751 signi
702 662 839 728 Piscium
853 673 889 725 ut
902 660 963 726 tria
976 660 1018 724 ad
1033 660 1103 724 duo
1117 659 1263 736 circiter,
1289 672 1321 723 et
1334 681 1413 743 prop·

120 786 208 839 terea
229 764 362 836 ¹materia
386 770 511 847 vorticis
536 770 618 834 inter
641 769 734 832 orbes
756 767 827 832 illos
848 767 881 830 in
902 765 1060 851 principio
1078 766 1230 831 Piscium
1247 765 1342 828 debet
1360 788 1412 828 esse

120 883 258 946 velocior
273 880 366 969 quim
381 882 414 944 in
428 879 582 966 principio
596 877 734 966 Virginis
750 876 786 961 (³)
799 877 832 940 in
843 876 963 940 ratione
974 876 1072 939 trium
1087 874 1133 939 ad
1149 874 1231 938 duo.
1273 873 1351 937 Nam
1362 897 1410 958 quo

121 993 284 1080 angustius
299 1005 346 1057 est
361 992 496 1077 spatium
510 1013 568 1076 per
583 989 669 1076 quod
690 987 800 1052 eadem
819 987 957 1052 materie
979 986 1145 1072 quantitas
1170 985 1289 1049 eodem
1310 985 1409 1048 revolu-

120 1101 214 1166 tionis
240 1102 334 1165 unius
356 1113 499 1186 tempore
521 1098 641 1174 transit,
667 1119 705 1161 eo
729 1097 840 1181 majori
863 1117 935 1160 cum
960 1095 1135 1161 velocitate
1161 1095 1304 1158 transire
1327 1094 1406 1157 deber

122 1210 225 1296 Igitur
239 1210 265 1273 si
281 1209 382 1273 Terra
394 1209 426 1271 in
441 1206 500 1273 bric
514 1205 643 1271 materiei
659 1206 776 1270 coelesti
790 1204 917 1270 relative
939 1204 1106 1290 quiescens
1124 1205 1172 1268 ab
1188 1205 1227 1268 eri
1244 1203 1404 1280 deferretur,

121 1327 154 1379 et
176 1313 239 1378 uni
264 1316 346 1379 circa
370 1314 477 1379 Solem
506 1314 726 1389 revolveretur,
751 1313 787 1396 (⁸)
813 1310 893 1375 loret
915 1310 1009 1395 hujus
1034 1310 1196 1374 velocitas
1220 1312 1255 1373 in
1278 1311 1403 1394 princip'o

123 1421 261 1485 Piscium
273 1421 313 1485 ad
324 1420 462 1506 ejusdem
473 1420 667 1486 velocitatem
676 1419 709 1483 iu
716 1418 871 1504 principio
880 1406 1019 1506 Virginis
1029 1419 1065 1481 in
1074 1419 1208 1483 ratione
1217 1418 1399 1506 sesquialteri

122 1528 161 1612 (i)
179 1527 275 1593 Unde
293 1526 373 1592 Solis
386 1541 491 1592 motus
513 1527 643 1590 diurnus
665 1547 818 1612 apparens
833 1525 865 1588 in
879 1525 1035 1609 principio
1051 1525 1206 1612 Virginis
1228 1528 1330 1611 nmjor
1345 1539 1396 1588 met

122 1631 216 1720 quim
230 1634 424 1697 minutorum
445 1633 619 1719 primorum
639 1631 845 1720 septuaginta,
868 1631 951 1695 etin
971 1629 1136 1716 principio
1163 1632 1308 1696 Piscium
1328 1632 1397 1695 minc

121 1738 215 1825 quim
231 1740 423 1803 minutorum
434 1738 640 1826 quadraginta
650 1750 739 1802 octo:
755 1736 867 1800 otcirm
875 1748 979 1801 tamen
992 1723 1214 1820 (experientii
1226 1739 1318 1817 teste)
1331 1759 1401 1822 appe
1439 1718 1441 1729 Ι

122 1868 194 1909 rens
207 1847 264 1910 iste
277 1846 358 1910 Solis
368 1859 473 1909 motus
484 1846 583 1931 major
592 1845 632 1908 sit
644 1845 677 1907 in
690 1843 846 1928 principio
859 1842 996 1907 Piscium
1011 1841 1112 1928 quim
1130 1844 1167 1906 in
1179 1844 1338 1930 principio
1349 1843 1401 1905 Vir·

121 1953 213 2039 ginis,
239 1965 271 2017 et
285 1965 452 2038 propterea
468 1954 569 2018 Terra
583 1955 719 2020 velocior
733 1956 766 2018 iu
780 1954 934 2040 principio
945 1952 1090 2040 Virginis
1106 1953 1212 2042 qusim
1228 1956 1264 2020 in
1278 1955 1401 2041 principit

124 2061 272 2127 Piscium.
321 2066 362 2146 (¹¹)
380 2061 489 2148 Itaque
510 2062 691 2148 hypothesis
708 2064 860 2128 vorticum
875 2084 946 2128 cum
963 2061 1196 2170 phaenomenis
1215 2064 1400 2130 astronomici

122 2168 250 2231 omnino
264 2179 393 2253 pugnat,
416 2179 448 2231 et
461 2189 526 2231 non
541 2181 605 2232 tam
620 2169 660 2233 ad
676 2163 876 2254 eriplicandos
891 2165 984 2255 quim
998 2168 1040 2232 ad
1055 2171 1305 2254 perturbandos
1324 2186 1400 2235 notu

33 2361 35 2366 .
122 2275 264 2341 coelestes
279 2274 434 2340 conducit.
491 2275 661 2351 Quomodo
681 2275 758 2341 verb
776 2289 879 2341 motus
900 2275 951 2340 isti
972 2276 1007 2339 in
1030 2277 1150 2360 spatiis
1178 2278 1292 2343 liberis
1311 2279 1401 2364 siqu

121 2386 290 2449 vorticibus
305 2397 507 2472 peraguntur,
529 2386 660 2475 intelligi
681 2398 784 2472 potest
798 2408 838 2451 ex
853 2385 951 2452 Libro
971 2382 1087 2476 primo,
1113 2398 1151 2451 et
1167 2387 1203 2455 in
1220 2387 1335 2455 Mundi
1348 2389 1402 2473 sp

122 2506 237 2559 temate
250 2493 372 2578 plenius
387 2494 559 2559 docebitur.

563 2660 567 2673 Ι

124 2681 261 2792 “pqr
277 2684 364 2731 ratione
379 2684 548 2731 triamsdduo
565 2684 748 2747 (peruotpus-
782 2683 824 2732 Xe
840 2668 1400 2745 M-X=822,uodeiureuitorx=§l

176 2745 186 2806 )
780 2766 816 2793 =
828 2747 966 2808 ror‘quam
985 2747 1102 2806 proxime,
1124 2764 1157 2795 sc
1177 2749 1282 2810 proinde
1298 2745 1397 2805 erili*

158 2808 190 2872 (¹)
203 2812 216 2840 ”
228 2812 299 2858 Foret
310 2810 381 2870 liujus
391 2812 501 2858 velocior.
537 2809 575 2856 Er
587 2809 751 2856 observationi·
785 2812 810 2858 X
826 2830 862 2856 =
878 2809 954 2858 4255'
970 2829 1005 2855 =
1022 2810 1061 2857 70¹
1077 2811 1113 2876 -l-
1128 2814 1188 2868 55⁴,
1210 2825 1235 2860 et
1257 2814 1287 2861 Μ
1303 2811 1394 2857 -1=

125 2874 171 2920 bus
186 2873 345 2920 astronomicis
361 2884 451 2920 constat
468 2875 565 2921 Terram
581 2875 641 2921 iuter
654 2874 752 2922 Veneris
784 2874 858 2922 8841⁰
870 2893 905 2919 =
915 2873 995 2948 47'†
1008 2873 1062 2920 W.
1101 2876 1178 2938 Ergo
1192 2877 1257 2923 Solis
1272 2887 1347 2924 nnus
1356 2874 1390 2918 b

126 2945 151 2984 et
163 2937 247 2984 Martis
257 2939 323 2983 odies
333 2938 429 2997 ponium
441 2951 496 2984 esre.
784 2953 829 2985 nus
845 2952 957 2997 apperens
973 2951 997 2982 rn
1016 2936 1138 2997 principio
1153 2940 1266 3003 Virginis
1281 2941 1391 3002 παφα

159 3001 191 3064 (¹)
213 3004 226 3030 ·
250 3001 315 3050 Uadi
336 3003 392 3049 Solis
412 3011 487 3049 motae
508 3004 608 3049 diurnus
626 3018 745 3063 amtorem.
779 3000 849 3064 quim
866 3002 1012 3047 minutorum
1032 3002 1174 3060 primorum
1186 3005 1344 3067 septinginta
1356 3012 1393 3047 n

129 3064 179 3110 Hic
200 3072 278 3110 motus
299 3073 334 3111 est
354 3065 455 3127 angulus
472 3079 541 3126 quern
561 3064 609 3119 Sol,
632 3066 701 3111 radiis
718 3064 748 3112 ud
781 3065 895 3127 principio
906 3065 1008 3112 Piscium
1017 3065 1098 3111 minor
1106 3066 1187 3127 qusint
1196 3063 1396 3127 minutorum&

127 3127 225 3175 Terram
242 3127 326 3184 ductis,
348 3129 441 3189 proprio
459 3139 524 3174 motu
543 3131 572 3175 ab
590 3128 709 3175 occidente
724 3129 749 3175 ln
782 3129 872 3191 reginis
892 3138 960 3184 octo;
984 3125 1041 3174 crim
1064 3140 1151 3176 tamen
1174 3146 1206 3177 es
1229 3132 1398 3178 ommni·

126 3193 240 3238 orientem
256 3206 397 3254 unoquoque
412 3191 451 3239 die
466 3192 593 3239 describere
610 3192 676 3239 nobis
687 3191 755 3238 vids
781 3192 939 3240 muonomicis
957 3190 1034 3238 Solio
1047 3192 1172 3253 principio
1186 3196 1320 3257 Virginis·
1331 3193 1399 3241 mn

126 3263 173 3309 tur,
193 3270 263 3317 quem
282 3255 376 3316 quidem
399 3256 513 3317 ungulum
532 3257 612 3310 Terra,
635 3255 750 3303 rediitad
782 3257 845 3303 virus
862 3265 929 3302 motu
950 3254 1036 3301 diurno
1058 3257 1186 3305 conficere
1206 3259 1316 3306 sidentur
1331 3258 1399 3303 nun

128 3318 208 3366 Solem
219 3318 302 3374 ductis,
318 3320 343 3365 in
355 3319 473 3381 hypothesi
488 3319 636 3380 Copernicei,
647 3319 746 3367 conficit.
781 3321 857 3381 prims
867 3325 897 3367 58
912 3317 1004 3366 tanthm
1024 3319 1050 3365 in
1067 3321 1194 3382 principio
1213 3323 1319 3371 Pretium
1332 3323 1400 3367 ὼ

129 3381 204 3430 Porro
215 3382 360 3430 notissimum
372 3393 412 3435 est.
424 3383 537 3430 circulum
549 3383 615 3430 illum
626 3398 696 3444 quem
710 3383 750 3431 Sol
782 3384 857 3445 prims
867 3389 899 3431 60
909 3399 950 3430 reu
962 3381 1063 3446 gradum
1075 3399 1169 3432 unum.

126 3446 188 3492 iuter
206 3446 264 3493 liras
281 3456 348 3493 motu
365 3462 444 3495 annuo
461 3446 589 3494 describere
606 3447 703 3500 ridetur,
720 3449 750 3495 sb
815 3448 851 3511 (¹¹)
868 3451 881 3478 0
894 3451 977 3509 Itaque
992 3450 1123 3509 hypothesis
1140 3453 1269 3499 sordeam.
1305 3448 1399 3504 ouh

127 3511 265 3558 muorromis
283 3509 355 3557 dividi
374 3511 399 3557 in
413 3521 488 3570 porres
503 3510 626 3557 duodecim
642 3511 749 3572 equales,
783 3512 875 3561 vorticis
890 3511 986 3558 materis
1000 3511 1103 3559 circulos
1115 3512 1235 3562 ducante
1246 3513 1350 3579 aqrnrsi
1363 3524 1399 3556 vrr-

126 3574 753 3700 iiiiliiiiiiimriitdlinviiffinhmssiffi
782 3574 1398 3700 ii315“t¹.¹‘lt..t‘“t:..‘“f.t⁹.:..“t.lt

128 3702 260 3762 Copernlci,
280 3712 314 3748 ert
324 3703 349 3748 in
360 3702 473 3762 principio
490 3702 601 3757 Piscium,
622 3702 662 3749 Sol
677 3718 749 3762 uppa-
781 3704 890 3767 aquatori
907 3701 1027 3763 parallelis,
1043 3702 1086 3750 sed
1103 3707 1264 3754 nomm
1279 3717 1312 3753 err
1326 3704 1397 3751 millu

127 3765 210 3812 reatin
221 3765 334 3826 principio
347 3767 453 3828 Virginis
467 3776 491 3814 et
506 3765 594 3814 conui-
632 3765 693 3813 Cirm
705 3767 749 3828 igi-
781 3767 898 3827 planetam
916 3767 941 3812 in
960 3765 1036 3813 orbiti
1055 3771 1177 3828 nquntori
1198 3771 1310 3831 psrulleh
1326 3767 1396 3814 mol·-

126 3840 165 3876 tur
175 3829 295 3892 angularis
311 3830 418 3878 velocitas
429 3829 509 3877 Terra
524 3829 551 3876 iu
567 3829 680 3890 principio
698 3830 749 3877 Pis-
782 3831 857 3878 tiones
867 3845 920 3878 rurs
930 3829 1055 3886 absolvere,
1075 3841 1100 3877 et
1112 3847 1224 3882 comam
1235 3836 1304 3881 rsrris
1312 3834 1396 3880 dher*

126 3893 190 3941 cium
201 3892 271 3942 situd
287 3894 338 3956 ejus
353 3893 641 3956 vuodmemangutuun
653 3894 675 3940 io
687 3894 750 3954 prio-
782 3896 851 3941 nibus
868 3895 892 3940 in
911 3909 991 3941 ornnes
1006 3895 1059 3941 ooeli
1076 3897 1165 3958 plagas
1182 3900 1246 3945 ferri
1280 3897 1362 3945 Eadm
1373 3902 1396 3938 Β

127 3956 187 4018 cipio
207 3957 312 4019 Virginis
328 3968 355 4005 ut
366 3965 381 4005 8
391 3959 421 4004 ud
438 3963 461 4015 2,
483 3958 543 4005 Solis
558 3967 636 4004 motus
651 3957 750 4005 diurnus
782 3958 906 4006 difficultas
957 3972 997 4018 per
1012 3959 1062 4004 rim
1079 3962 1247 4025 ceutrifugm
1258 3964 1396 4024 purtim*

126 4036 239 4081 apperens
258 4022 282 4067 in
301 4021 415 4083 principio
426 4022 533 4082 Virginis
547 4031 583 4068 est
597 4020 627 4068 sd
638 4023 689 4084 ejus
699 4037 750 4068 mo-
782 4022 834 4069 ticis
844 4022 971 4082 explicetur
981 4021 1016 4068 ris
1026 4023 1164 4083 oentripets
1174 4043 1218 4074 seu
1227 4028 1326 4088 gnriass
1334 4038 1394 4081 ‹ep›

127 4093 177 4131 tum
188 4096 336 4145 apparentem
347 4085 372 4132 iu
383 4086 496 4146 principio
514 4085 618 4133 Piscium
628 4085 654 4131 in
668 4085 750 4133 eidem
783 4102 836 4134 rum
858 4101 911 4148 quie
932 4086 962 4133 sd
984 4100 1052 4133 uem
1075 4088 1176 4136 vorticis
1198 4088 1395 4151 perpend'nlsm

126 4149 241 4197 ratione3
252 4148 282 4196 sd
294 4155 315 4198 2.
353 4150 413 4197 Solis
427 4160 505 4197 motus
523 4149 622 4199 diorum
639 4165 751 4210 apparens
782 4149 877 4198 tendere
887 4150 1005 4204 deberent.
1022 4163 1072 4196 non
1084 4151 1146 4200 νηὸ
1158 4154 1191 4201 ,ἀ
1203 4155 1297 4201 'affl
1311 4162 1393 4200 «nnn

127 4212 218 4259 medius
235 4223 270 4261 est
285 4214 432 4261 minutorum
450 4214 580 4274 primorum
592 4220 623 4262 59
633 4224 657 4260 et
667 4229 750 4260 secun·
783 4214 861 4276 dirigi.
896 4214 942 4261 Sed
952 4213 1029 4260 dehis
1040 4213 1096 4261 vide
1110 4217 1178 4264 Acts
1191 4218 1287 4265 Erudit.
1301 4217 1356 4276 up
1367 4227 1392 4258 Β

126 4275 210 4323 dorum
226 4283 247 4331 8.
268 4294 310 4325 seu
326 4278 481 4324 secundorum
492 4283 563 4335 3548,
582 4279 622 4338 qui
639 4293 751 4325 numerus
786 4283 854 4325 1686.
872 4290 896 4325 et
916 4283 1001 4336 1695.;
1026 4277 1112 4325 Dirria
1134 4281 1234 4329 Emdir.
1259 4286 1324 4329 170&
1343 4282 1393 4325 1:05.

125 4339 216 4387 dicatur
228 4342 272 4397 M;
289 4341 361 4403 qusrd
377 4342 396 4386 si
415 4342 474 4388 Solis
484 4351 562 4388 motus
572 4340 670 4388 diurnus
681 4358 750 4401 apps-
785 4343 942 4389 Monumenta
961 4341 1035 4388 Acsd.
1054 4342 1132 4390 Paris.
1151 4350 1223 4395 1709.
1241 4344 1392 4394 Dimuri&

63 4398 69 4411 '
125 4419 179 4451 rcnr
189 4405 214 4451 iu
225 4405 339 4466 principio
351 4405 463 4467 Virginis,
476 4414 575 4466 ponatur
585 4425 619 4452 =
633 4406 661 4452 Μ
671 4407 703 4469 -l-
717 4406 750 4460 x,
783 4406 869 4452 clariss.
883 4407 989 4468 liugenii
1001 4415 1025 4453 et
1039 4407 1190 4474 Butmugar
1201 4410 1232 4459 de
1245 4407 1320 4459 cnud
1331 4408 1391 4454 cns

125 4478 149 4516 et
160 4469 184 4515 iu
195 4469 309 4531 principio
327 4469 430 4518 Piscium
441 4489 476 4515 =..··
489 4470 518 4517 M
529 4496 562 4512 .-
574 4471 609 4526 X,
620 4469 664 4518 erit
675 4470 703 4516 M
716 4471 748 4533 4
783 4471 843 4518 istis.

591 4616 689 4667 FINIS
706 4616 801 4668 ΤΟΜΙ
825 4614 995 4665 SECUNDI.
