3074 5520
218 443 282 502 aas
541 381 883 497 annosorum
906 426 1192 495 uarunaurs
1249 426 1364 509 [nar.
1381 427 1504 494 com

220 627 344 690 semper
363 603 567 690 quantitatem
588 599 692 665 mottis
712 600 853 684 accipiat,
877 621 971 686 quam
986 600 1144 685 imprimit
1159 601 1196 665 in
1210 601 1382 666 materiam
1396 605 1501 668 vorticis

222 714 298 779 Sine
311 709 366 776 tali
380 708 538 794 principio
552 727 680 773 necesse
693 719 742 771 est
756 719 792 770 ut
804 702 918 794 globus
931 719 965 772 et
977 707 1107 772 vorticis
1121 720 1238 792 partes
1253 708 1430 787 interiores,
1448 734 1505 795 pro

219 834 371 910 pagantes
385 840 508 902 semper
521 831 641 881 motum
656 838 747 882 suurn
762 817 796 880 in
811 817 991 897 exteriores,
1006 840 1112 904 neque
1121 832 1251 883 novum
1262 819 1502 906 aliquemmotm

220 933 414 1016 recipientes,
437 910 614 993 tardescant
626 926 775 1012 paulatim
792 940 823 992 et
838 928 871 991 in
885 927 993 993 orbem
1008 928 1061 1016 agi
1074 927 1243 993 desinant.

266 1042 364 1108 Corol.
381 1048 411 1106 5.
436 1039 470 1105 Si
484 1039 596 1127 globus
610 1038 688 1103 alter
701 1037 776 1127 huic
790 1038 899 1104 vortici
913 1039 953 1103 ad
967 1051 1087 1104 certam
1101 1039 1149 1104 ab
1164 1040 1271 1124 ipsios
1287 1053 1399 1104 centro
1410 1041 1501 1105 distm-

222 1151 296 1215 tiam
312 1150 475 1229 innataret,
500 1164 532 1214 et
546 1151 664 1214 interea
687 1149 771 1214 circa
795 1171 887 1215 axem
912 1147 1116 1214 inclinatione
1140 1149 1261 1213 datum
1284 1149 1318 1212 vi
1338 1149 1501 1236 aliquisn-

223 1272 340 1324 stantor
354 1258 563 1325 revolveretur
571 1284 580 1336 ;
594 1260 688 1345 hujus
702 1273 790 1324 motu
805 1271 965 1344 raperetur
979 1259 1116 1324 fluidum
1133 1260 1170 1323 in
1182 1260 1364 1325 vorticem:
1379 1275 1408 1325 et
1420 1261 1499 1345 prino

222 1368 432 1434 revolveretur
452 1368 504 1435 bic
520 1383 630 1436 vortex
643 1392 743 1436 novus
758 1384 791 1435 et
803 1352 935 1458 eriguus
955 1366 1019 1433 unt
1040 1389 1115 1434 cum
1144 1369 1252 1457 globo
1275 1370 1364 1435 circa
1387 1384 1497 1435 curum

224 1476 361 1555 alterius,
378 1492 409 1544 et
424 1481 544 1545 interea
557 1479 649 1545 latius
665 1489 804 1565 serperet
817 1481 914 1565 ipsius
927 1491 1042 1558 motus,
1067 1490 1099 1543 et
1114 1479 1282 1565 paulatim
1297 1494 1500 1567 propagaretur

222 1584 255 1647 in
269 1584 438 1663 infinitum,
463 1586 503 1650 ad
528 1586 658 1652 modum
680 1587 807 1654 vorticis
826 1587 928 1671 primi.
973 1586 1017 1652 Et
1039 1585 1158 1659 eidem
1183 1588 1331 1666 ratione,
1354 1613 1413 1675 qua
1400 1588 1499 1673 huju

223 1689 336 1778 globus
351 1705 511 1777 raperetur
525 1705 612 1783 motu
626 1693 751 1759 vorticis
772 1693 909 1772 alterius,
936 1705 1100 1777 raperetur
1129 1694 1233 1758 etiam
1260 1694 1381 1782 globus
1400 1693 1533 1758 alteri·

222 1812 310 1865 motu
323 1799 425 1885 hujus,
453 1801 496 1864 sic
511 1813 548 1865 ut
559 1776 646 1888 globi
660 1800 769 1865 duo
742 1822 826 1865 cuca
846 1798 1066 1865 intermedium
1086 1797 1231 1885 aliquod
1252 1799 1498 1886 punctumrevd·
1529 1760 1533 1907 1

223 1918 378 1985 verentur,
394 1929 489 1992 seque
503 1920 612 1970 mutuo
627 1907 670 1970 ob
684 1917 805 1971 motum
819 1905 908 1971 illum
922 1904 1107 1972 circularem
1124 1904 1325 1993 fugerent,
1323 1909 1385 1975 nisi
1395 1929 1446 1995 pe
1455 1907 1498 1971 ι’·

222 2010 357 2098 aliquam
379 2012 518 2076 cohibiti.
563 2010 714 2077 Postea
690 2034 717 2075 ει
731 2012 812 2076 vires
833 2023 1010 2077 constanter
1030 2011 1216 2096 improesae,
1246 2015 1368 2101 quibus
1389 2014 1483 2103 gusti
1474 2033 1497 2076 ι
1531 2092 1533 2107 Ι

222 2116 358 2184 motibus
372 2117 434 2182 suis
449 2131 657 2203 perseverant,
679 2130 845 2197 cessarent,
866 2132 898 2185 et
911 2117 1016 2183 omnia
1028 2116 1160 2206 legibus
1183 2119 1495 2209 mechanicispervir

222 2235 372 2303 tarentus,
385 2225 601 2325 languesceret
614 2226 765 2313 paulatim
778 2239 882 2291 motus
895 2225 1063 2313 globorum
1089 2225 1152 2310 (ob
1173 2227 1348 2294 rationem
1367 2230 1400 2295 in
1417 2226 1495 2294 card·

223 2342 254 2399 3.
269 2346 301 2398 et
313 2344 343 2399 t.
360 2336 559 2423 assignatam)
576 2348 608 2400 et
622 2336 753 2401 vortices
767 2335 893 2401 tandem
908 2334 1181 2423 conquiescerent.

278 2445 378 2508 Corol.
386 2454 415 2511 6.
451 2446 485 2511 Si
510 2445 596 2534 globi
617 2445 722 2529 plures
743 2445 825 2510 datis
851 2446 884 2508 in
906 2445 982 2509 locis
1000 2444 1125 2509 οἱιοιιιιι
1145 2467 1232 2511 axes
1258 2448 1414 2534 positione
1431 2444 1492 2510 hs

222 2548 313 2612 certis
323 2570 393 2612 cunr
401 2550 614 2615 velocitatibus
624 2563 801 2615 constanter
809 2550 1051 2628 revolverentur,
1066 2549 1190 2617 fierent
1199 2557 1350 2620 vortices
1360 2550 1489 2620 tmesi·

222 2653 377 2718 infinitum
391 2670 563 2745 pergentes.
609 2655 693 2721 Nam
707 2656 793 2743 globi
808 2656 922 2745 singuli
942 2655 1053 2722 eidem
1074 2658 1209 2724 ratium
1234 2661 1304 2748 quai
1319 2658 1488 2744 unus&

221 2773 343 2826 motum
367 2785 457 2827 suum
478 2777 635 2851 propagat
656 2764 688 2826 in
704 2763 870 2842 infinitum,
896 2762 1121 2849 propagabant
1144 2765 1250 2830 etiam
1274 2782 1382 2833 motus
1400 2786 1451 2832 sats

222 2866 387 2947 infinitum,
411 2869 489 2933 adeo
506 2882 540 2933 ut
552 2869 640 2932 fluidi
655 2869 768 2932 infiniti
782 2892 856 2954 pars
879 2890 1075 2956 unaquaeque
1090 2892 1133 2934 eo
1149 2873 1303 2959 agitetur
1318 2889 1403 2939 motu
1414 2872 1485 2959 quio

221 2977 361 3040 omnium
385 2980 550 3066 globorum
574 2980 745 3044 actionibus
769 2978 907 3044 resultat.
953 2978 1050 3043 Unde
1073 2981 1221 3046 vortices
1247 3005 1318 3048 non
1343 2984 1482 3048 datium

221 3087 313 3149 cartis
327 3086 485 3166 limitibus,
510 3089 563 3154 sed
578 3090 610 3153 in
627 3113 660 3154 se
675 3102 786 3152 mutuo
801 3087 950 3172 paulatim
965 3101 1158 3164 excurrent3
1182 3090 1348 3179 globique
1361 3114 1414 3178 per
1424 3090 1479 3154 ιώ)

220 3213 276 3255 nes
292 3194 440 3257 vorticum
456 3195 488 3258 in
504 3218 537 3258 se
548 3209 666 3271 mutuo,
683 3207 837 3278 perpetuo
846 3193 1054 3257 movebuntur
1065 3192 1109 3256 de
1120 3193 1206 3259 locis
1217 3199 1300 3276 suis,
1317 3201 1363 3263 uti
1373 3194 1481 3262 intui

221 3296 298 3361 lario
314 3301 472 3382 superiore
492 3301 668 3384 expositum
684 3316 747 3375 est;
769 3322 872 3386 neque
887 3309 1003 3364 certam
1018 3301 1167 3383 quamvis
1180 3301 1273 3371 inter
1288 3328 1323 3368 se
1343 3305 1482 3390 position!

221 3406 397 3484 servabunt,
413 3408 472 3470 nisi
487 3429 543 3490 per
557 3408 619 3471 vim
634 3408 769 3492 aliquam
786 3405 908 3471 retenti.
953 3404 1163 3470 Cessantibus
1187 3422 1304 3474 autem
1327 3412 1433 3474 viribus
1447 3406 1481 3466 lit

220 3536 291 3599 quae
307 3514 338 3576 in
352 3514 462 3601 globos
478 3526 654 3578 constanter
669 3515 828 3597 impressoe
843 3521 1028 3577 conservant
1048 3509 1150 3575 hosce
1173 3529 1301 3594 motus,
1329 3510 1478 3581 metuisti

220 3618 372 3682 rationem
385 3621 418 3681 in
434 3619 608 3684 Corollario
623 3619 715 3682 tertio
728 3634 760 3682 et
774 3631 887 3704 quarto
902 3618 1100 3704 assignatam,
1125 3621 1292 3703 paulatim
1308 3625 1477 3711 requiescat

219 3725 252 3788 in
267 3725 398 3789 vortices
412 3725 463 3811 agi
478 3724 606 3788 desinet.
1519 3804 1523 3817 Ι

264 3836 363 3899 Corol.
380 3843 410 3903 7.
443 3836 476 3900 Si
501 3835 632 3899 fluidum
654 3832 788 3898 similare
799 3833 1016 3958 claudatur·
986 3855 1019 3896 ιιι
1033 3856 1110 3898 vase
1126 3836 1308 3922 sphaerico,
1332 3863 1370 3905 ac
1381 3834 1476 3927 glclss

219 4075 272 4116 vas
287 4052 319 4115 in
341 4054 482 4119 eamdem
498 4069 618 4140 partem
640 4055 722 4118 circa
743 4076 835 4118 axem
856 4054 990 4119 eundem
1011 4054 1238 4146 revolvantur,
1263 4062 1386 4146 sintque
1407 4070 1476 4121 affl

218 4169 360 4244 tempora
374 4161 533 4245 periodica
548 4174 583 4225 ut
597 4161 748 4247 quadrata
763 4161 1100 4226 semi-diametrorum:
1118 4176 1234 4248 partes
1250 4168 1341 4246 fluidi
1355 4188 1412 4231 non
1422 4174 1476 4249 pm

217 4271 460 4352 perseverabunt
484 4271 518 4334 in
540 4271 676 4336 motibus
698 4271 761 4335 suis
784 4272 851 4336 sine
872 4269 1098 4336 acceleratione
1118 4287 1153 4339 et
1175 4279 1398 4353 retardatione,
1416 4274 1476 4360 φῦ

220 4375 281 4437 sint
295 4398 405 4440 eorum
419 4388 562 4461 tempora
583 4377 742 4461 periodica
758 4391 793 4442 ut
808 4378 960 4464 quadrata
979 4375 1212 4449 distantiarum
1226 4408 1248 4450 a
1262 4402 1371 4451 centro
1382 4377 1475 4446 vost'v‘l

221 4491 247 4568 1·
249 4485 260 4564 l
276 4486 349 4550 Alia
364 4486 451 4550 nulla
465 4486 590 4550 vorticis
605 4488 784 4552 constitutio
798 4480 902 4574 potest
916 4511 982 4553 esse
995 4509 1205 4573 permanens.

251 4655 312 4720 (¹⁸)
328 4661 381 4706 Alia
392 4661 459 4707 audo
470 4660 559 4708 vorticis
574 4638 703 4707 camldatio
716 4667 846 4720 potestesse
879 4657 1125 4717 vorticisconstitutio,
1143 4654 1474 4739 utpmqatlffistiriivfl

216 4738 365 4787 pensamus.
401 4722 886 4788 Namtexdemcnstrwdebetavsa
877 4737 958 4773 ιιιιιιο
966 4724 1473 4794 Μωυιιὶίαωίιαμηωμιΰῦ
