3098 5534
63 386 180 452 Lmss
194 386 357 467 Paratus]
403 384 644 453 PRINCIPIA
667 384 1037 452 MATHEMATICA.
1281 392 1344 495 ttt

108 561 258 643 quadrata
272 561 480 623 distantiarum
498 582 519 622 a
533 563 690 631 trahente,
713 570 743 623 et
755 580 858 641 carpta
871 560 957 623 aliud
971 560 1000 624 B
1014 558 1109 623 trata
1129 559 1218 621 etiam
1239 567 1347 623 catera

109 667 151 741 A,
168 666 207 743 C,
223 667 269 744 D,
283 668 339 731 &a
363 667 473 730 oiribas
487 687 552 750 qua
564 676 632 729 sant
645 665 790 748 reciproci
803 676 836 729 at
854 667 1003 749 quadrata
1017 666 1227 729 &arntiam
1240 688 1262 728 o
1281 675 1347 729 tra·

107 774 215 836 tentes
236 782 322 836 erant
345 773 485 836 absolata
505 792 656 854 amporam
675 773 854 836 trahentiam
875 772 917 850 A,
941 772 970 836 Β
995 773 1071 836 vires
1095 773 1138 835 ad
1159 773 1291 851 ittoiaen,
1313 782 1347 837 at

106 878 823 962 massmannquomnantvtm

109 1074 192 1138 Nam
207 1073 403 1139 attractiones
423 1071 651 1137 acceleratrices
671 1093 839 1156 corporum
862 1073 1004 1137 omnium
1020 1071 1059 1152 B,
1076 1072 1115 1152 C,
1130 1073 1165 1138 D
1179 1095 1287 1139 versus
1304 1076 1346 1152 A,

62 1181 190 1266 paribus
204 1179 367 1257 distantiis,
384 1178 444 1242 sibi
457 1179 590 1242 invicem
604 1190 767 1264 aquantur
781 1200 821 1244 ex
835 1177 1020 1265 hypothesi;
1043 1191 1075 1243 et
1085 1179 1225 1245 similiter
1234 1192 1349 1247 attrac-

62 1291 165 1354 tiones
179 1288 408 1353 acceleratrices
423 1308 589 1371 corporum
604 1287 742 1350 omniurn
764 1308 871 1351 versus
893 1285 932 1364 B,
953 1287 1081 1372 paribus
1104 1286 1266 1366 distantiis,
1290 1289 1350 1352 sibi

63 1399 198 1463 invicem
212 1409 385 1483 aquantur.
430 1395 489 1460 Est
502 1407 606 1459 autem
620 1395 762 1460 absoluta
776 1395 822 1459 vis
843 1397 1004 1461 attractiva
1025 1397 1164 1482 corporis
1180 1400 1210 1462 A
1225 1398 1265 1461 ad
1287 1398 1349 1460 vim

63 1505 236 1570 absolutam
252 1503 443 1568 attractivam
458 1503 596 1586 corporis
613 1502 652 1580 B,
676 1500 715 1587 (h)
738 1514 774 1567 ut
795 1504 937 1567 attractio
958 1503 1159 1568 acceleratrix
1180 1526 1349 1588 corporum

64 1610 207 1675 omnium
221 1630 328 1673 versus
342 1610 372 1671 A
389 1607 430 1672 ad
444 1608 659 1673 attractionem
674 1608 919 1673 acceleratricem
934 1630 1101 1694 corporum
1122 1610 1261 1674 omnium
1281 1631 1351 1673 ver-

65 1740 118 1782 sus
134 1717 173 1794 B,
188 1716 316 1800 paribus
332 1715 501 1790 distantiis3
525 1713 558 1799 (¹)
574 1727 606 1778 et
627 1714 672 1777 ita
694 1727 743 1783 est
765 1715 908 1780 attractio
933 1715 1134 1780 acceleratrix
1159 1716 1298 1801 corporis
1322 1715 1351 1780 B

64 1846 173 1889 sersus
187 1825 229 1903 A,
246 1822 287 1886 ad
302 1821 518 1887 attractionem
541 1820 786 1885 acceleratricem
808 1823 950 1906 corporis
966 1824 997 1886 A
1012 1844 1118 1887 versus
1135 1823 1174 1888 B.
1220 1823 1284 1888 Sed
1305 1835 1351 1888 at·

63 1930 177 1995 natio
190 1927 392 1993 acceleratrix
414 1926 552 2011 corporis
568 1926 597 1991 B
611 1949 718 1991 versus
735 1929 765 1992 A
780 1939 826 1991 est
851 1928 891 1992 ad
915 1929 1130 1993 attractionem
1156 1929 1350 1994 acceleratri-

66 2061 136 2104 cern
151 2037 291 2122 samoris
308 2038 339 2101 A
354 2057 460 2100 versus
477 2035 515 2111 B,
539 2048 575 2098 ut
594 2057 697 2099 massa
718 2036 857 2120 corporis
878 2037 908 2100 A
929 2036 969 2100 ad
990 2058 1123 2101 massam
1147 2037 1285 2122 corporis
1303 2036 1351 2114 B3

63 2159 234 2235 propterea
247 2144 333 2232 quod
347 2145 427 2208 vires
447 2143 603 2221 motrices,
627 2165 698 2230 quoe
725 2149 794 2228 (per
819 2143 1031 2212 definitionem
1055 2146 1233 2225 secundam,
1260 2146 1352 2230 septi-

62 2274 149 2317 mam
164 2264 197 2316 et
211 2251 365 2331 octavam)
388 2262 462 2314 sunt
475 2261 510 2313 ut
524 2249 604 2314 vires
619 2249 849 2315 acceleratrices
863 2262 895 2314 et
909 2272 1041 2335 corpora
1055 2264 1185 2316 attracta
1206 2254 1353 2339 conjunc·

64 2362 133 2439 tim,
148 2359 201 2424 bic
215 2373 289 2425 sunt
313 2363 382 2442 (per
396 2368 499 2422 motus
513 2356 614 2444 legem
630 2356 765 2437 tertiam)
789 2354 827 2442 (A)
843 2357 901 2421 sibi
921 2357 1051 2421 invicem
1073 2358 1219 2444 aequales.
1265 2357 1354 2449 Ergo

63 2469 208 2535 abaciam
222 2469 268 2533 vis
283 2467 444 2533 attractiva
458 2466 596 2550 corporis
612 2468 642 2530 A
659 2477 705 2531 est
718 2464 759 2529 ad
780 2465 961 2529 absolutam,
979 2467 1042 2530 vim
1067 2468 1259 2532 attractivam
1284 2490 1352 2532 cor·

62 2579 150 2662 poris
166 2579 205 2656 B,
222 2590 258 2642 ut
270 2599 374 2643 massa
388 2575 527 2660 corporis
543 2575 574 2639 A
589 2572 629 2637 ad
643 2570 776 2637 massam
792 2573 930 2656 corporis
946 2573 983 2638 B.
1029 2573 1071 2651 Q.
1087 2596 1113 2637 e.
1130 2572 1163 2641 d.

110 2688 208 2751 Cmal.
226 2695 255 2751 1.
280 2686 369 2751 Hinc
384 2684 410 2749 si
426 2682 548 2771 singula
566 2682 740 2768 systematis
761 2703 894 2767 corpora
909 2682 951 2759 A,
968 2682 1008 2760 B,
1026 2682 1063 2760 C,
1080 2682 1125 2760 D,
1141 2684 1199 2750 &c
1223 2684 1353 2750 seorsim

62 2807 202 2880 spectata
216 2794 341 2860 trabant
357 2805 471 2858 catere
484 2792 589 2855 omnia
602 2791 720 2855 viribus
734 2790 1008 2869 acceleratricibus,
1024 2814 1095 2877 quae
1110 2805 1181 2857 sunt
1195 2793 1353 2878 reciproce

63 2916 100 2967 ut
114 2903 266 2990 quadrata
281 2902 497 2967 distantiarum
512 2923 531 2962 a
545 2897 706 2975 trabente3
728 2910 821 2961 erunt
834 2919 998 2982 corporum
1015 2898 1138 2964 illorum
1153 2901 1293 2964 omnium
1308 2901 1354 2966 vi·

62 3037 114 3078 res
129 3013 281 3093 absolutas
297 3012 336 3076 ad
351 3011 484 3075 invicem
498 3021 533 3073 ut
548 3019 621 3071 sunt
635 3007 702 3090 ipsa
717 3029 857 3091 corpora.

109 3121 205 3185 Corol.
222 3126 252 3183 2.
271 3117 392 3182 Eodem
407 3126 600 3202 argumento,
623 3113 648 3175 si
664 3112 786 3200 singula
801 3114 974 3199 systematis
989 3136 1120 3199 corpora
1135 3117 1177 3194 A,
1195 3117 1233 3194 B,
1252 3118 1290 3194 C,
1305 3111 1351 3194 D,

60 3230 121 3295 &a
144 3226 275 3291 seorsim
291 3235 427 3308 spectata
441 3222 567 3287 trahant
581 3233 692 3285 catera
715 3221 820 3285 omnia
844 3222 961 3286 viribus
983 3224 1258 3302 acceleratrioibus,
1282 3248 1353 3311 quas

62 3346 139 3405 sunt
153 3332 203 3397 vel
218 3329 388 3416 reciproci,
404 3328 454 3392 vel
469 3326 585 3391 directi
600 3328 632 3391 in
647 3327 767 3391 ratione
782 3328 940 3415 dignitatis
962 3330 1171 3416 cujuscunque
1192 3331 1352 3396 distantia-

62 3460 135 3505 rum
150 3463 171 3503 a
184 3437 337 3514 trahente,
354 3457 461 3521 quaeve
477 3433 647 3497 secundum
661 3433 763 3521 legem
779 3422 995 3520 quamcunque
1009 3456 1206 3501 communem
1225 3459 1265 3501 ex
1287 3437 1352 3502 dis·

62 3545 170 3611 tantiis
186 3544 225 3607 ab
240 3564 430 3627 unoquoque
445 3539 587 3604 trahente
608 3539 818 3617 definiuntur3
840 3551 960 3605 constat
981 3541 1066 3626 quod
1092 3563 1259 3627 corporum
1280 3543 1350 3608 illo-

60 3674 134 3717 rum
146 3652 229 3715 vires
251 3649 284 3732 (¹)
306 3647 459 3712 absolutae
473 3659 546 3711 sunt
559 3658 594 3710 ut
608 3667 749 3730 corpora.

108 3757 207 3825 east
224 3766 254 3822 8.
279 3756 318 3820 In
333 3765 496 3840 systemate
512 3773 679 3836 corporum
704 3773 837 3838 quorum
863 3752 943 3818 vires
970 3753 1152 3821 decrescunt
1174 3756 1207 3820 in
1231 3757 1350 3822 ratione

95 3976 133 4040 (Ι)
151 3979 164 4006 ”
186 3976 218 4025 tte
227 3976 334 4023 asserto
350 3973 494 4022 accelerotrir
510 3986 628 4032 corporum
644 3986 693 4018 am·
756 3968 793 4033 (ἱ)
811 3972 824 4001 ⁸
842 3972 888 4020 tta·
897 3972 992 4020 incitem
1002 3976 1107 4037 equata.
1144 3973 1237 4022 Sienim
1244 3978 1350 4026 attractio

60 4043 139 4096 nam,
151 4048 232 4086 sanat
240 4037 347 4085 attractio
356 4035 500 4085 acceleratis
510 4033 693 4097 uniuscujusque
723 4032 869 4081 arcelmaix
888 4035 988 4096 eorporis
1009 4037 1030 4084 B
1047 4053 1126 4086 versus
1145 4039 1168 4084 A
1186 4038 1276 4087 dicatur
1287 4042 1312 4088 V
1326 4051 1363 4089 at.

61 4103 255 4163 ooeporbsersns
266 4103 299 4155 A.
310 4102 353 4148 &a
387 4096 602 4158 Potetenimquod
620 4096 641 4142 si
659 4095 693 4142 vir
724 4097 830 4144 attractio
845 4096 991 4156 accelerabis
1010 4101 1110 4161 corporis
1124 4103 1146 4148 A
1163 4116 1241 4151 versus
1254 4105 1275 4151 B
1286 4104 1349 4152 dica.

40 4166 170 4215 absolut·
190 4164 265 4226 dupla
283 4165 321 4211 vel
343 4163 418 4224 tripla,
437 4164 479 4209 Aac.
501 4162 536 4214 sit.
558 4160 618 4208 actio
635 4173 694 4235 quo-
725 4170 805 4217 turv3
824 4159 1158 4221 vismotrixioB.eritB><
1173 4164 1213 4223 V;
1230 4166 1288 4214 inA
1305 4168 1350 4216 ertt

47 4222 696 4295 ·queacoeleratrixindistantiidatiduplavaltnpla
727 4224 750 4270 A
764 4230 790 4280 χ
803 4238 834 4281 r;
850 4234 874 4271 et
889 4225 1074 4287 (perlegam.)
1093 4228 1153 4284 Βχ
1168 4229 1236 4275 V=
1249 4232 1271 4277 A
1285 4239 1311 4290 χ
1324 4247 1346 4279 v.

48 4293 114 4343 ,luia
724 4285 796 4335 Undt
808 4287 848 4335 V:
862 4303 921 4332 v=
935 4289 956 4334 A
969 4305 976 4334 s
992 4288 1021 4335 13.
1058 4288 1123 4353 Ergo
1133 4293 1241 4351 asotos,
1253 4296 1295 4342 &a

95 4356 128 4422 (¹)
147 4360 160 4388 ⁸
179 4358 213 4404 Et
224 4358 300 4405 itm
314 4357 419 4403 attractio
434 4353 578 4400 aroetnotrt'a
595 4350 693 4412 corporis
756 4350 786 4415 (¹)
806 4353 818 4381 ⁹
842 4353 1019 4399 Viresobatata
1034 4363 1088 4401 sant
1107 4364 1134 4402 at
1152 4372 1252 4418 maro·
1288 4358 1349 4406 Om-

60 4420 175 4472 'Bsersas
186 4423 217 4475 A,
235 4423 267 4466 ad
275 4422 436 4467 attractionem
451 4417 626 4463 accelerrtrt'cem
643 4430 692 4462 con-
723 4412 763 4460 nia
772 4413 835 4460 anim
846 4413 964 4461 ratiocinia
974 4415 1054 4463 eadem
1064 4427 1162 4464 manent
1178 4418 1202 4465 in
1219 4421 1290 4486 hujus
1302 4423 1349 4470 Co-

58 4488 123 4550 pais
134 4488 157 4531 A
165 4499 243 4531 wart
254 4487 286 4538 B,
298 4483 330 4531 ab
339 4480 473 4531 distantiam
484 4479 545 4526 intas
557 4478 578 4525 B
590 4485 614 4524 et
625 4477 657 4534 A,
669 4486 693 4524 at
724 4476 809 4525 rollarii
820 4477 940 4538 hypothesi
951 4493 978 4525 ac
989 4479 1014 4525 in
1025 4478 1219 4530 demonsoatione
1233 4494 1258 4532 et
1273 4487 1346 4549 hypo·

63 4554 90 4597 A
100 4558 124 4595 et
137 4547 159 4595 B
171 4545 279 4594 eandem.
723 4539 783 4587 thesi
795 4539 968 4602 propositionis

694 4625 746 4672 29
