3098 5534
220 375 282 432 ssi
518 350 859 435 nnrnosornnn
882 369 1153 437 ulrnnlnrs
1224 370 1501 452 [noscam.

215 540 298 605 rium
313 541 483 607 secundum
500 544 727 627 Propositionis
742 545 867 609 LVlll.
883 545 1030 608 collatum
1044 567 1116 609 cum
1131 545 1350 617 demonstretis
1360 547 1395 611 in
1407 545 1503 633 Pmp

215 650 344 715 LXIV.
359 663 392 716 et
407 650 513 715 LXV.
560 652 764 717 Perturbatur
778 655 836 717 iste
848 666 953 718 motus
965 655 1118 739 ellipticus
1130 656 1358 742 aliquantulum
1370 657 1503 740 perdis·

214 760 344 824 tantiam
358 760 457 824 centri
472 759 606 824 duorum
621 784 640 824 o
654 772 771 837 centro,
782 761 814 824 in

214 861 299 948 qnod
314 863 440 926 tertium
456 863 479 926 S
493 863 667 930 attrahitur.
711 863 816 928 Detur

213 980 366 1052 praeteres
394 981 497 1034 motus
527 970 683 1034 communi
720 971 814 1034 trium
866 1005 888 1068 s

212 1095 331 1160 centro,
361 1094 394 1148 et
421 1080 585 1170 augebitur
612 1082 814 1167 perturbatio.

214 1186 352 1252 Proinde
379 1188 508 1252 minimo
536 1199 584 1253 est
611 1188 814 1273 perturbatio,

212 1293 266 1358 ubi
281 1317 445 1360 commune
467 1296 562 1360 trium
583 1307 724 1360 centrum
745 1297 814 1383 qui-

98 1394 101 1401 ’
212 1403 289 1466 escit
298 1426 307 1479 ;
330 1403 391 1467 hoc
405 1415 462 1482 est,
478 1402 532 1467 ubi
544 1424 657 1487 corpus
668 1404 812 1467 intimum

212 1522 245 1574 et
259 1510 429 1575 maximum
445 1510 478 1575 Τ
491 1510 562 1598 lege
576 1522 760 1574 caeterorum
775 1508 957 1574 attrahitur:
980 1509 1076 1594 fitque
1090 1511 1190 1594 major
1200 1529 1332 1593 semper,
1344 1510 1400 1574 nbi
1409 1511 1497 1574 trium

216 1641 382 1683 commune
397 1616 474 1683 illud
489 1632 643 1696 centrum,
667 1617 702 1704 (f)
717 1618 887 1683 minuendo
900 1631 1021 1683 motum
1035 1620 1174 1704 corporis
1188 1619 1230 1697 T,
1248 1621 1368 1685 moveri
1381 1621 1497 1706 incipit,

213 1737 245 1788 et
259 1724 360 1813 magis
375 1722 523 1809 deinceps
534 1724 699 1812 magisque
713 1724 857 1812 agitetur.

259 1834 358 1899 Corol.
382 1833 425 1898 Et
438 1833 522 1912 hinc,
539 1833 565 1898 si
579 1851 712 1918 corpora
732 1833 825 1919 plura
846 1835 969 1901 minore
991 1836 1191 1902 revolventur
1212 1837 1295 1902 circe
1318 1841 1497 1919 maximum,

210 1939 361 2029 colligere
376 1939 449 2004 licet
472 1939 558 2026 quod
581 1939 693 2003 orbitae
715 1937 880 2024 descriptoe
900 1942 1029 2025 propius
1053 1943 1201 2007 accedent
1223 1943 1264 2007 cd
1287 1944 1450 2030 ellipticas,
1471 1962 1499 2011 et

208 2068 353 2111 arearum
369 2045 594 2130 descriptiones
618 2045 695 2110 fient
718 2046 818 2133 magis
844 2046 1023 2132 aequcbiles,
1049 2048 1075 2110 si
1101 2069 1233 2132 corpore
1255 2051 1363 2114 omnic
1386 2053 1499 2117 viribus

208 2152 486 2230 accelemtricibm,
502 2174 573 2239 quae
587 2164 661 2215 sunt
674 2163 710 2216 ut
724 2173 832 2216 eorum
847 2153 928 2216 vires
943 2148 1093 2217 absolute
1104 2150 1220 2218 directe
1231 2166 1263 2219 et
1273 2155 1429 2241 quadrata
1439 2160 1497 2223 dis·

208 2264 376 2328 tuntisrum
391 2261 522 2338 inversd,
540 2285 573 2326 se
588 2274 697 2327 mutuo
711 2261 838 2327 trahunt
851 2261 1040 2350 agitentque,
1056 2275 1088 2327 ct
1101 2261 1212 2326 orbitae
1226 2265 1377 2351 cujusque
1399 2269 1498 2332 umbi·

208 2366 289 2435 licus
304 2369 476 2434 collocetur
492 2369 524 2432 in
542 2369 699 2432 communi
715 2380 823 2433 centro
844 2369 1001 2457 gravitatis
1023 2390 1189 2453 corporum
1210 2370 1351 2434 omniurn
1376 2372 1498 2438 interio-

208 2499 278 2540 rum
303 2478 371 2560 [(⁸)
389 2476 538 2539 nimirum
553 2475 717 2539 umbilicus
732 2474 842 2538 orbitae
856 2477 966 2559 prim'oe
981 2488 1013 2540 et
1027 2476 1144 2541 intimoe
1158 2476 1190 2538 in
1212 2489 1321 2541 centro
1341 2482 1497 2566 gravitatis

207 2583 351 2668 corporis
368 2581 497 2646 maximi
513 2595 545 2645 et
559 2581 680 2656 intimi3
703 2580 755 2645 ille
770 2580 879 2645 orbitae
895 2581 1049 2658 secunde,
1072 2581 1105 2644 in
1120 2583 1277 2645 communi
1298 2598 1412 2649 centro
1431 2609 1497 2675 gru·

210 2689 312 2751 vitatis
326 2704 496 2771 corporum
512 2686 647 2750 duorum
662 2686 863 2763 intimorum
884 2686 941 2750 iste
956 2686 1065 2764 tertioe,
1087 2686 1120 2749 in
1134 2686 1292 2751 communi
1306 2704 1418 2755 centro
1431 2716 1496 2781 gre·

208 2793 310 2857 vitetis
324 2794 423 2857 trium
439 2792 642 2868 interiorum3
665 2802 697 2856 et
711 2792 755 2855 sic
770 2791 932 2875 deinceps]
954 2812 1048 2876 quem
1062 2792 1089 2856 si
1103 2814 1216 2877 corpus
1231 2794 1378 2861 intimum
1398 2800 1496 2885 quies·

208 2911 259 2964 eet
275 2911 307 2963 et
322 2912 476 2963 statuatur
490 2900 663 2962 communis
678 2899 841 2965 umbilicus
855 2899 1025 2964 orbitarum
1040 2902 1189 2966 omnium.

402 3056 428 3097 l

395 3176 680 3244 PROPOSlTlO
703 3177 833 3244 LXIX.
880 3178 1151 3244 THEOREMA
1173 3181 1312 3248 XXIX.

204 3344 244 3410 Ic
259 3357 411 3431 systemate
424 3371 576 3433 corporum
586 3351 729 3432 plurium,
747 3351 787 3426 A,
805 3349 843 3424 B,
861 3349 898 3427 C,
916 3350 958 3426 D,
975 3351 1032 3414 &c
1054 3353 1083 3413 si
1101 3372 1205 3432 corpus
1218 3354 1343 3435 aliquod
1356 3360 1389 3420 A
1403 3357 1492 3419 trudit

248 3466 354 3518 caeteru
370 3458 470 3520 omnia
486 3457 524 3535 Β,
548 3458 586 3536 C,
604 3457 647 3536 D,
664 3459 721 3523 &c
743 3459 854 3522 viribus
867 3459 1118 3523 accelerctricidus
1138 3480 1204 3543 quie
1216 3471 1284 3524 umt
1297 3462 1446 3546 rccrpmci
1462 3476 1492 3526 ct

206 3648 316 3711 legentur
329 3649 503 3709 propositiones
513 3656 553 3698 64.
567 3655 606 3698 65.
628 3650 779 3698 Perturbatus
794 3649 838 3698 iste
869 3664 896 3697 cc
906 3648 982 3712 mgb
991 3649 1100 3710 deinceps
1110 3650 1234 3712 cgintitur
1247 3662 1358 3703 centrum
1371 3668 1493 3705 meur

206 3723 286 3759 motus
307 3713 424 3773 ellipticur
444 3714 617 3776 eliquentmum
638 3729 680 3774 per
705 3714 837 3761 distantium
868 3714 1066 3777 gnritntistriurn
1077 3729 1207 3775 corporum.

206 3776 279 3823 renui
293 3776 324 3828 0.
337 3773 439 3823 duomrn
454 3776 475 3824 Ρ
486 3787 509 3823 m
520 3777 543 3824 T
553 3794 568 3825 ι
579 3789 659 3824 centro
670 3778 694 3823 in
711 3777 774 3839 quod
791 3787 837 3824 ter-
901 3776 936 3840 (¹)
955 3781 968 3807 ⁰
986 3779 1110 3825 It'inrirenr
1120 3781 1241 3826 moilim
1249 3782 1327 3828 orbito
1334 3782 1448 3842 phur
1458 3788 1493 3831 in-

206 3841 265 3886 tium
286 3840 304 3886 S
320 3839 426 3886 tuebitur.
469 3843 547 3889 Detur
563 3842 675 3902 ,neema
694 3852 769 3889 motus
788 3856 835 3887 non
867 3842 1017 3902 ἄμφω
1029 3857 1049 3885 v.
1063 3857 1099 3902 gr.
1111 3857 1302 3902 corpuspervum
1321 3844 1342 3892 P
1358 3846 1397 3892 bic
1412 3847 1494 3894 descri-

206 3903 329 3950 uniformis
346 3904 371 3949 in
391 3903 506 3950 directum
524 3908 643 3952 ommuni
660 3909 732 3953 trium
751 3915 836 3960 centro,
868 3905 903 3951 bit
913 3907 938 3951 in
948 3915 1025 3951 rouro
1034 3909 1151 3963 gmcrtotr'r
1162 3910 1257 3966 coqu'e
1273 3911 1368 3955 mederi
1384 3920 1406 3958 et
1421 3913 1494 3958 terni

208 3965 283 4028 (quod
302 3967 429 4030 continget,
451 3966 471 4012 si
490 3981 575 4027 corpor
592 3968 701 4015 intimum
720 3979 744 4015 et
762 3969 837 4014 meri·
873 3967 967 4029 anod
980 3967 1029 4014 fere
1043 3968 1152 4015 coincidit
1168 3983 1222 4015 curn
1238 3973 1359 4019 motuni
1376 3986 1454 4021 cmo
1470 3974 1494 4022 0

206 4044 273 4076 nrum
286 4029 317 4085 T,
329 4030 383 4092 lege
397 4041 535 4077 merorum
552 4045 600 4077 non
616 4031 744 4088 strabitur,
764 4042 791 4078 ut
808 4047 837 4078 ex
869 4030 988 4094 grcrimtis
1006 4030 1108 4078 ducrum
1129 4031 1150 4078 Ρ
1167 4032 1224 4079 etT
1243 4037 1298 4094 (per
1314 4035 1370 4082 Cu.
1391 4043 1413 4084 1.
1426 4039 1495 4098 trop.

206 4092 276 4140 dictis
291 4095 365 4155 petet)
382 4104 404 4142 et
425 4097 547 4155 augebitur
565 4097 713 4156 mordetis,
731 4096 835 4158 mindi.
869 4094 940 4153 65.);
964 4095 1089 4141 umbilicus
1104 4097 1180 4143 orbito
1197 4100 1304 4145 secunda
1318 4113 1392 4159 qun
1412 4116 1435 4147 v.
1456 4115 1492 4164 gr.

206 4157 249 4203 bc.
867 4172 951 4219 corpus
964 4156 1099 4205 Sdcscribit
1109 4163 1135 4206 in
1150 4162 1268 4207 minisei
1284 4174 1363 4211 ceum
1379 4168 1495 4224 mdis

239 4219 271 4294 ζ’)
288 4224 448 4269 ‘enimenta
458 4232 546 4270 mum
557 4224 655 4283 corperis
668 4223 748 4274 Mc.
781 4221 836 4276 Qut
870 4222 901 4275 0,
919 4237 1039 4282 contorum
1058 4228 1157 4270 dumet
1174 4226 1308 4272 uitium
1321 4228 1375 4275 Per
1391 4230 1427 4284 Tr
1443 4243 1495 4275 ιι.

206 4293 296 4330 unone
307 4284 334 4331 lt
344 4294 371 4331 ut
377 4295 482 4332 centrum
491 4300 617 4332 commuue
623 4285 694 4332 trium
703 4300 834 4345 corpontm,
869 4286 952 4331 bilicus
963 4288 1034 4331 terrio
1046 4286 1126 4332 orbita
1137 4302 1206 4346 quem
1222 4285 1287 4334 eliud
1303 4304 1390 4350 corpere
1404 4291 1497 4354 long'u

208 4345 364 4394 intercidunt
375 4364 471 4409 corpore
483 4350 534 4396 Set
546 4351 566 4396 Ρ
576 4361 706 4405 moventur,
723 4363 786 4394 nunc
797 4364 835 4395 cc-
868 4347 957 4395 distans
972 4347 1108 4395 describeret
1124 4353 1149 4397 in
1165 4354 1283 4399 marni
1292 4358 1372 4401 centio
1379 4357 1496 4417 periretis

207 4408 275 4456 cedet
284 4412 314 4456 ed
326 4427 409 4472 eorpus
419 4413 444 4459 ‘l'
454 4428 517 4459 nunc
527 4415 557 4459 eb
568 4413 610 4459 illo
620 4414 717 4465 recedat,
730 4428 772 4472 pro
782 4426 835 4457 nru-
867 4416 937 4459 titum
954 4414 1089 4459 trimme·
1103 4416 1132 4468 1¹,
1148 4416 1175 4466 Τ,
1186 4416 1209 4470 8,
1219 4413 1264 4460 ἃς.
1298 4415 1364 4463 Nero
1382 4418 1445 4465 idern
1462 4428 1497 4465 ert

208 4472 258 4518 teti
268 4488 391 4532 corporum
403 4475 500 4522 illorum
517 4475 634 4532 dimotis,
652 4486 675 4521 ct
694 4478 749 4522 blnc
767 4476 843 4537 nugis
874 4475 1019 4521 ratiocinium
1029 4490 1070 4521 scu
1082 4476 1126 4521 trie
1135 4492 1178 4525 ιω
1192 4488 1293 4538 protum·
1309 4490 1351 4528 cut
1367 4482 1439 4544 plum
1451 4482 1498 4531 fu

208 4549 237 4582 sc
250 4538 324 4599 magis
335 4541 507 4597 pertunrobitur
517 4549 597 4588 motus
606 4539 725 4601 ellipticus
735 4549 758 4587 ct
768 4540 844 4603 iungis
874 4553 970 4601 corporo
981 4542 1020 4601 (ut
1030 4539 1054 4584 in
1068 4539 1138 4602 Prop.
1151 4544 1190 4589 64.
1204 4541 1257 4605 65.)
