3098 5534
170 405 232 462 144
469 395 809 463 PHILOSOPHIAE
833 392 1106 460 NATURALIS
1170 390 1289 472 [Mon.
1307 391 1475 457 Commo.

355 727 637 797 PROPOSITIO
660 732 796 797 XXIII.
841 727 1113 797 THEOREMA
1135 724 1272 793 XVIII.

167 924 206 991 Si
204 924 306 1012 fluidi
320 946 357 988 es
365 927 530 1006 particulis
543 946 574 987 se
587 935 687 988 motsto
696 925 889 1009 fingientibrts
899 925 1053 1005 compositi
1066 924 1198 986 densitas
1211 923 1255 984 sit
1269 929 1305 982 nt
1319 939 1478 1001 oompres·

210 1033 266 1110 sio,
282 1036 361 1097 vires
374 1035 550 1117 centrfisgae
557 1037 780 1117 partiodarnm
795 1044 864 1097 sont
877 1029 1026 1115 reciproci
1041 1031 1291 1112 proportionales
1305 1028 1477 1090 distantiis

210 1150 376 1204 centronis
400 1161 527 1204 saonam.
571 1142 617 1204 Et
630 1144 693 1204 oisc
706 1139 803 1216 oersd,
822 1142 986 1222 particula
1006 1139 1118 1200 viritas
1138 1158 1205 1220 qnae
1224 1145 1298 1199 sunt
1311 1131 1476 1216 reciproce*

206 1245 453 1327 proportionales
468 1249 624 1311 distantiis
638 1256 804 1309 centrorom
819 1268 937 1309 snoonn
951 1267 982 1307 se
996 1255 1094 1307 mutuo
1107 1243 1270 1326 figiendos
1283 1249 1474 1323 componunt

207 1353 342 1439 flnidnn
357 1355 518 1432 eladionm,
533 1355 615 1437 cujus
629 1357 762 1418 danitas
776 1364 819 1417 est
833 1355 1041 1434 compressioni
1050 1351 1308 1433 proportionalis.

208 1538 333 1604 Incindi
347 1540 538 1630 intelligatur
550 1543 683 1606 fluidum
698 1545 731 1607 in
746 1543 847 1627 spatio
861 1542 972 1606 cubioo
988 1546 1018 1606 A
1033 1542 1061 1605 C
1077 1541 1115 1618 F,
1138 1539 1211 1604 dein
1227 1540 1470 1622 compressione

168 1646 269 1735 redigi
284 1649 317 1712 in
332 1651 467 1734 spatium
481 1650 625 1715 cubicum
647 1653 750 1714 minus
772 1673 791 1714 a
806 1673 823 1714 c
838 1674 873 1726 e;
898 1661 930 1713 et
949 1649 1181 1733 particulorum,
1208 1646 1350 1711 similem
1372 1648 1469 1710 situm

104 1776 109 1785 ·
168 1755 251 1820 inter
264 1759 342 1822 sein
356 1770 489 1846 utroque
503 1761 605 1845 spatio
619 1760 834 1836 obtinentium,
859 1759 897 1842 (Β)
914 1758 1067 1821 distantiae
1082 1770 1173 1820 erunt
1187 1769 1222 1819 ut
1236 1755 1401 1818 cuborum
1423 1754 1468 1816 ls-

168 1875 236 1929 ters
252 1866 283 1930 A
300 1866 339 1943 B,
362 1867 434 1943 ab3
458 1870 494 1952 (ο)
511 1881 543 1933 et
556 1869 731 1933 mediorum
745 1869 913 1932 densitates
927 1866 1084 1950 reciproce
1100 1880 1135 1929 ut
1150 1867 1249 1950 spatia
1265 1865 1466 1928 continentis

169 1972 200 2037 A
216 1972 245 2035 B
260 1975 330 2038 cub.
345 1986 377 2039 et
398 1998 417 2039 a
431 1974 453 2038 b
468 1976 538 2039 cub.
583 1976 621 2040 In
645 1977 717 2039 cubi
740 1976 864 2062 majoris
886 1974 980 2038 latere
1003 1974 1097 2058 plnno
1120 1975 1151 2037 A
1168 1974 1195 2035 B
1212 1973 1239 2036 C
1255 1973 1291 2036 D
1316 1973 1465 2055 onpiotur

168 2080 356 2166 quadratum
381 2086 415 2150 D
439 2084 468 2149 P
496 2084 615 2171 aequele
639 2084 684 2148 le·

168 2187 229 2252 teri
249 2188 344 2275 plano
366 2191 438 2255 cubi
460 2192 589 2256 minoris
610 2191 686 2268 db3

168 2306 201 2360 et
215 2316 257 2359 ex
271 2296 447 2384 hypothesi,
468 2300 599 2384 pressio,
624 2299 684 2385 quis

170 2402 357 2488 quadratum
368 2406 402 2470 D
417 2406 545 2494 Purget
552 2406 683 2470 fluidum
747 2428 748 2431 ’

168 2509 333 2589 inclusum,
352 2514 411 2577 erit
425 2514 465 2578 od
479 2515 684 2599 pressionem,

171 2618 233 2705 quir
256 2620 335 2685 illud
356 2623 542 2708 quadratum
559 2621 581 2685 d
596 2622 618 2686 b
633 2644 685 2685 ur·
734 2663 750 2712 d

170 2738 225 2813 get
238 2727 369 2792 fluidum
384 2729 549 2806 inclusum,
571 2741 606 2793 ut
619 2751 684 2793 me·

170 2833 215 2896 dii
230 2833 397 2901 densitates
412 2838 452 2900 ad
468 2839 610 2915 invicem,
624 2838 684 2901 hoc

168 2953 225 3016 est,
251 2954 287 3004 ut
300 2943 354 3007 ab
370 2945 440 3008 cub.
456 2944 497 3008 ad
513 2947 544 3009 A
561 2946 588 3007 B
608 2945 679 3009 cub.

170 3048 233 3114 Sed
248 3051 376 3135 pressio,
395 3053 455 3138 quir
470 3053 656 3139 quadratum
672 3054 705 3117 D
722 3052 751 3116 B
766 3065 857 3139 urget
871 3048 1002 3115 fluidum
1017 3051 1180 3127 inclusum,
1204 3064 1252 3114 est
1266 3049 1307 3114 nd
1323 3053 1469 3135 pressio·

168 3176 250 3232 nem,
267 3156 327 3240 quii
343 3159 529 3242 quadratum
544 3161 577 3224 D
596 3161 622 3224 P
638 3173 727 3246 urget
743 3158 825 3222 idem
840 3157 980 3233 fluidum,
998 3170 1032 3220 ut
1043 3157 1227 3241 quadratum
1240 3157 1272 3220 D
1287 3157 1316 3219 B
1333 3158 1373 3220 ad
1385 3182 1469 3243 qun·

168 3262 294 3353 drotum
310 3267 343 3330 D
360 3267 396 3343 P,
414 3267 473 3331 hoc
489 3283 544 3346 est,
562 3283 595 3332 ut
611 3271 641 3332 A
660 3269 687 3332 B
703 3267 796 3353 quad.
809 3267 847 3331 ad
860 3290 879 3330 a
893 3268 914 3330 b
930 3268 1022 3353 quad.
1070 3268 1165 3353 Erg0‚
1190 3290 1228 3330 ex
1244 3291 1348 3352 inquo,
1372 3291 1469 3352 pres·

169 3371 216 3435 sio
231 3371 292 3456 quir
309 3373 495 3457 quadratum
511 3375 544 3437 D
562 3375 589 3437 B
605 3390 694 3459 urget
709 3375 850 3450 fluidum,
867 3389 914 3437 est
929 3374 968 3436 ad
983 3374 1175 3456 pressionem
1192 3373 1251 3460 quir
1268 3375 1468 3464 quadratum

169 3479 190 3543 d
206 3482 333 3569 burget
347 3484 488 3560 fluidum,
505 3497 539 3547 ut
555 3508 573 3547 a
588 3484 609 3548 b
625 3485 664 3547 od
681 3486 711 3547 A
731 3486 767 3547 B.
815 3483 919 3546 Plsnis
937 3484 962 3545 F
976 3484 1008 3547 G
1026 3484 1072 3559 H,
1096 3484 1143 3570 fg
1160 3485 1191 3559 b,
1215 3506 1271 3567 per
1287 3484 1394 3547 medis
1410 3508 1469 3549 cu·

98 3659 106 3669 ¹
168 3588 281 3651 borum
297 3589 408 3668 ductis,
426 3592 633 3680 distinguntur
647 3593 778 3655 fluidum
793 3593 825 3654 in
840 3592 916 3654 dirus
931 3605 1045 3675 portes,
1064 3591 1102 3675 (ἀ)
1113 3606 1144 3654 et
1156 3592 1205 3654 hae
1217 3616 1249 3655 se
1264 3605 1379 3655 mutuo
1391 3617 1468 3677 pre·

169 3708 256 3758 ment
271 3697 380 3760 iisdem
396 3698 521 3774 viribus,
538 3700 650 3785 quibus
665 3712 850 3782 premuntur
865 3721 883 3761 a
897 3698 997 3782 planis
1013 3700 1043 3761 A
1057 3700 1095 3775 C,
1112 3723 1131 3761 a
1145 3722 1173 3775 c,
1190 3699 1249 3761 hoc
1265 3713 1321 3774 est,
1337 3700 1371 3761 in
1387 3724 1467 3784 pro-

168 3803 313 3885 portione
337 3827 355 3866 n
377 3805 454 3868 bad
470 3807 500 3868 A
519 3807 564 3868 B:
588 3807 722 3892 ideoque
747 3829 827 3871 vires
854 3807 1046 3893 centrifugae,
1077 3809 1189 3891 quibus
1212 3807 1261 3869 boe
1283 3810 1468 3891 pressiones

169 3911 371 3989 sustinentur,
389 3929 462 3978 sunt
476 3917 508 3977 in
524 3916 635 3978 eisdem
649 3917 779 3980 ratione.
825 3917 877 3980 Ob
893 3918 1027 3981 eundem
1049 3918 1270 4001 particulorum
1293 3940 1468 3984 numerum

168 4019 361 4107 similemque
376 4024 468 4087 situm
484 4026 516 4087 in
533 4038 668 4111 utroque
683 4027 774 4103 cubo,
791 4028 871 4091 vires
887 4050 964 4112 quas
979 4028 1139 4111 particulae
1155 4051 1262 4091 omnes
1286 4031 1467 4095 secundum

168 4126 263 4211 plone
280 4129 306 4191 F
323 4130 355 4193 G
368 4129 414 4207 H,
431 4130 448 4193 f
456 4155 479 4219 g
493 4131 515 4194 h
531 4145 678 4197 exercent
692 4133 725 4196 in
740 4155 858 4211 omnes,
884 4147 957 4197 sunt
972 4148 1006 4197 ut
1020 4135 1101 4197 vires
1117 4157 1193 4218 quus
1217 4135 1349 4223 singulae
1374 4161 1470 4201 exer·

201 4318 236 4382 (δ)
249 4323 262 4348 *
275 4320 402 4369 Distamiae
413 4332 483 4370 erum
494 4334 520 4372 nt
532 4326 645 4373 cubonsm
656 4328 728 4373 lotm
737 4327 760 4372 A
769 4328 801 4382 ll,
834 4326 876 4372 dic.
914 4324 1046 4372 Psessiones
1058 4324 1119 4370 enim
1133 4325 1156 4371 in
1169 4341 1310 4388 unoquoque
1321 4328 1401 4386 spolio
1412 4343 1471 4376 sunt

168 4396 183 4427 a
194 4383 216 4435 t.
228 4398 269 4443 per
282 4384 381 4431 lemme
392 4385 421 4432 V.
436 4386 489 4435 Lib.
505 4386 534 4434 1.·
834 4389 921 4452 ubique
938 4389 1051 4462 aquales,
1077 4405 1131 4462 nnfn
1151 4390 1205 4436 sirm
1228 4390 1327 4436 fluidum
1345 4394 1472 4441 unisonus

204 4472 238 4535 (e)
248 4478 260 4503 ο
271 4477 303 4523 E,
315 4481 441 4526 mmm
452 4483 582 4538 dmm„
591 4491 625 4538 m,
635 4481 676 4527 &a
687 4479 801 4529 obdmm
833 4462 985 4513 supponetur,
1005 4469 1023 4498 si
1043 4469 1128 4511 pressio
1145 4454 1222 4500 minor
1239 4465 1297 4500 esset
1309 4455 1333 4499 in
1345 4470 1398 4502 uno
1415 4458 1471 4505 loco

171 4534 579 4600 ιιιιιιιιιι
592 4548 626 4609 ι
640 4542 694 4593 ι
709 4546 752 4607 ι
835 4514 1471 4647 ersten

204 4633 238 4694 (θ)
252 4639 265 4664 '
279 4639 312 4684 Et
324 4640 359 4685 lo
370 4656 392 4686 se
403 4650 483 4688 mntno
492 4653 599 4703 prem
611 4646 690 4692 iisdem
706 4646 801 4699 viribus,
834 4652 880 4701 tur,
892 4645 953 4691 utin
967 4645 1029 4692 earu
1037 4651 1059 4692 6.
1077 4645 1145 4721 Prop:
1160 4647 1236 4693 xlx.
