3098 5534
79 386 192 451 Liarn
208 384 375 460 Saeuam]
423 373 667 490 l‘RlNClPIA
697 378 1070 447 MATHEMATIOA.
1312 384 1368 443 151

75 558 112 623 D
126 559 176 623 vel
190 557 213 621 d
227 557 323 621 velE
345 557 385 641 (⁹)
401 568 437 621 ut
458 555 623 641 longitudo
637 577 727 620 arcus
744 555 822 621 cD
844 554 893 618 vel
910 555 938 619 C
952 553 975 617 d
989 554 1039 617 vel
1056 552 1139 618 OE.
1187 551 1373 636 Exponatur

77 665 123 727 vis
138 664 192 727 illa
205 685 263 748 per
278 661 413 727 eundem
427 685 552 738 areum3
568 675 686 727 etcum
700 661 876 726 resistentia
890 661 980 724 sitvut
1002 660 1197 722 momentum
1213 657 1370 742 temporis,

76 772 210 856 ideoque
225 770 326 847 detur,
350 784 526 854 exponatur
540 767 650 834 eadem
664 793 722 856 per
736 769 841 834 datam
856 791 947 833 arcus
967 768 1127 854 cycloidis
1138 780 1259 852 partem
1284 767 1312 830 C
1329 763 1371 842 O,

77 891 110 942 et
123 889 264 942 sumatur
278 898 368 941 arcus
384 876 418 941 O
431 877 454 940 d
467 877 500 939 in
512 878 631 941 ratione
645 877 687 941 ad
702 898 810 941 arcum
827 877 854 941 C
870 877 904 941 D
919 898 1013 962 quam
1024 874 1120 939 habet
1133 895 1223 937 arcus
1240 872 1271 937 Ο
1288 872 1316 936 Β
1332 871 1373 936 ad

76 1007 185 1050 arcum
202 984 230 1048 C
248 984 293 1048 B:
317 984 405 1048 etvis
421 984 482 1070 qula
498 1006 612 1069 oorpus
627 985 660 1047 in
674 985 697 1048 d
711 997 841 1070 urgetur
862 985 896 1047 in
918 984 1022 1047 medio
1037 984 1211 1059 resistente,
1238 1003 1311 1045 cum
1333 981 1372 1044 sit

77 1117 223 1161 excessus
246 1095 293 1158 vis
321 1095 349 1159 C
368 1094 390 1159 d
414 1117 509 1180 supra
532 1095 741 1159 resistentiam
767 1091 854 1171 CO,
880 1104 1056 1179 exponetur
1077 1115 1135 1179 per
1159 1114 1267 1156 arcum
1293 1092 1370 1170 Od,

77 1204 212 1289 ideoque
226 1202 286 1266 erit
301 1202 341 1266 ad
356 1203 428 1279 vim,
445 1202 506 1289 qua
522 1225 639 1288 corpus.
652 1204 686 1268 D
702 1216 831 1289 urgetur
846 1203 879 1265 in
893 1203 999 1266 medio
1013 1223 1077 1265 non
1090 1201 1251 1266 resistente
1261 1201 1293 1264 in
1303 1200 1373 1265 loco

78 1312 123 1390 D,
142 1321 178 1375 ut
192 1330 283 1374 mous
299 1309 367 1374 od
382 1310 424 1374 ad
438 1331 546 1375 arcum
562 1311 590 1374 C
606 1311 659 1387 1);
682 1321 714 1376 et
728 1321 896 1397 propterea
909 1309 1003 1373 etiam
1025 1309 1059 1371 in
1080 1308 1152 1372 loco
1173 1307 1205 1372 Β·
1225 1322 1261 1371 ιιι
1282 1329 1372 1372 arcus

80 2825 112 2890 O
129 2826 158 2889 Β
174 2827 214 2890 ad
226 2846 337 2889 ‘arcum
355 2825 383 2888 C
399 2824 437 2887 Β.
486 2821 625 2887 Proinde
640 2819 666 2885 si
680 2841 814 2906 corpora
829 2818 904 2898 duo,
920 2818 964 2898 D,
982 2821 1003 2885 d
1020 2835 1135 2887 exeant
1148 2824 1189 2888 de
1203 2825 1274 2889 looo
1292 2824 1329 2901 B,
1347 2835 1379 2889 et

78 2932 126 2995 his
152 2933 269 2997 viribus
291 2945 479 3020 urgeanturt
506 2952 579 2993 cum
601 2931 682 2993 vires
705 2928 764 2992 sub
785 2928 875 2992 initio
897 2929 961 2992 sint
974 2941 1010 2994 ut
1024 2953 1115 2995 arcas
1133 2931 1206 2997 CB
1228 2944 1260 2997 et
1283 2932 1378 3008 0133

79 3039 115 3120 (¹)
132 3051 224 3102 erunt
249 3038 427 3103 velocitates
450 3017 561 3123 piimae
585 3047 617 3099 et
642 3016 733 3100 arcds
758 3034 862 3119 primo
885 3033 1034 3120 descripti
1056 3038 1089 3099 in
1112 3037 1220 3102 eadem
1244 3038 1375 3106 ratione.

79 3143 183 3209 Sunto
199 3167 289 3208 arcus
304 3143 350 3206 illi
367 3143 396 3208 B
411 3144 456 3220 D,
471 3155 504 3207 et
520 3141 549 3206 Β
565 3142 598 3219 d,
614 3164 705 3235 argus
721 3141 833 3226 reliqui
850 3140 878 3204 C
893 3140 938 3218 D,
956 3140 1133 3206 Oderunt
1152 3145 1184 3205 in
1205 3143 1315 3208 cladem
1330 3167 1378 3209 ra·

78 3252 172 3316 tione.
220 3252 358 3318 Proinde
374 3254 465 3330 vires,
488 3252 564 3336 ipsis
580 3251 609 3315 C
625 3252 669 3330 D,
687 3249 719 3314 0
734 3249 757 3313 d
770 3250 1021 3336 proportionales
1035 3253 1207 3316 manebunt
1221 3254 1254 3315 in
1268 3252 1378 3330 eadem

78 3359 201 3423 ratione
216 3381 252 3423 ac
268 3360 326 3423 sub
342 3359 441 3435 initio,
454 3371 487 3422 et
500 3369 668 3442 propterea
680 3378 815 3441 corpora
828 3369 963 3444 pergent
977 3375 1067 3421 arcus
1082 3358 1114 3419 in
1138 3357 1247 3422 eadem
1260 3360 1379 3424 ratione

78 3465 172 3529 simul
200 3465 385 3530 describere.
433 3465 536 3553 Igitur
557 3465 639 3528 vires
662 3475 693 3530 et
715 3463 893 3529 velocitates
916 3476 948 3529 et
962 3487 1053 3530 arcus
1076 3466 1187 3552 reliqui
1204 3468 1232 3531 C
1248 3468 1292 3544 D,
1310 3452 1379 3533 (ld

80 3593 204 3656 semper
229 3583 322 3636 erunt
346 3584 382 3635 ut
407 3594 498 3663 arcus
523 3571 581 3636 toti
608 3571 636 3634 C
652 3571 691 3649 B,
719 3569 807 3647 OB,
833 3581 865 3634 et
888 3584 1058 3656 propterea
1081 3594 1170 3635 arcus
1194 3573 1239 3636 illi
1266 3574 1379 3660 reliqui

79 3679 117 3762 (¹)
133 3677 227 3741 simul
242 3678 467 3742 describentur.
515 3677 624 3753 Quare
639 3699 773 3762 corporo
787 3675 852 3740 duo
867 3677 911 3755 D,
925 3676 946 3740 d
958 3677 1050 3740 simul
1060 3678 1244 3762 pervenient
1258 3680 1299 3743 ad
1308 3681 1379 3746 loca

80 3784 108 3847 C
123 3797 154 3847 et
170 3783 212 3860 Ο,
228 3785 361 3849 alterum
376 3785 503 3871 quidem
518 3786 552 3848 in
566 3785 672 3850 medio
686 3809 751 3850 non
767 3787 929 3851 resistente
951 3788 992 3850 ad
1013 3787 1118 3853 locum
1135 3790 1173 3865 C,
1199 3804 1231 3854 et
1245 3791 1379 3857 alterum

77 3891 112 3954 in
126 3891 230 3955 medio
244 3894 406 3958 resistente
422 3892 463 3956 ad
477 3893 581 3956 locum
599 3893 640 3957 Ο.
688 3893 770 3957 Cum
794 3906 900 3958 autem
922 3893 1099 3959 velocitates
1122 3897 1156 3958 in
1180 3897 1254 3962 Cet
1271 3897 1302 3962 Ο
1317 3899 1380 3963 sint

78 4010 115 4061 ut
129 4019 220 4062 arcus
237 3999 265 4064 C
282 3998 321 4076 B,
339 3999 371 4063 Ο
388 3999 436 4075 Β;
459 4011 552 4063 erunt
574 4022 677 4077 arcus,
702 4022 780 4085 quos
802 4022 936 4085 corpora
958 4000 1088 4066 ulterius
1102 4004 1265 4091 pergendo
1286 4005 1380 4070 simul

78 4105 270 4183 describunt,
287 4107 322 4190 (²)
338 4107 371 4169 in
386 4105 496 4170 elidem
511 4106 643 4170 ratione.
673 4108 791 4171 'Sunto
805 4106 851 4171 illi
867 4109 896 4172 C
912 4104 989 4173 E‘et
1003 4108 1036 4173 0
1050 4133 1077 4174 e.
1117 4110 1174 4175 Vis
1189 4112 1250 4198 quai
1266 4135 1380 4200 corpus

113 4277 149 4339 (⁸)
166 4281 198 4327 Ut
206 4282 324 4339 hamunde
331 4297 408 4336 arm,
418 4280 461 4327 &a
482 4279 718 4328 Perdamonstratio-
749 4295 792 4341 per
804 4281 828 4329 0
838 4281 862 4328 B
871 4280 902 4329 ad
914 4281 939 4330 0
952 4283 982 4339 B,
994 4291 1022 4329 ut
1035 4284 1055 4330 C
1068 4283 1094 4331 D
1105 4283 1135 4331 sd
1147 4284 1171 4332 0
1183 4283 1213 4344 d;
1230 4296 1381 4335 manarum·

81 4358 137 4391 nu
151 4341 222 4402 Prop.
237 4344 283 4390 Ll.
297 4353 320 4389 et
333 4344 387 4389 Cor.
403 4350 424 4390 9.
442 4344 512 4404 Prop.
528 4344 591 4392 Lll.
607 4343 661 4392 Lib.
678 4345 699 4392 1.
750 4359 806 4392 arcu
819 4343 1169 4401 Odevaneseetatiavnarrus
1182 4350 1381 4412 CD,aeupune.

114 4406 148 4471 (¹)
162 4411 175 4437 ’
188 4411 270 4455 Erant
278 4410 404 4454 velocitates
412 4412 504 4468 prim,
516 4410 560 4455 dic.
581 4407 717 4465 Nasamon
749 4417 800 4457 tum
812 4408 829 4456 d
839 4423 894 4456 eum
908 4411 940 4466 Ο,
954 4420 978 4458 et
990 4410 1016 4458 D
1027 4425 1081 4458 cum
1094 4413 1114 4459 C
1125 4412 1196 4460 simul
1207 4413 1345 4463 coincident-

79 4470 191 4546 tqmporis
209 4481 337 4543 momento,
359 4470 496 4547 velocitates·
508 4473 669 4546 genita-sunt
682 4483 711 4520 ut
781 4473 816 4537 (⁸)
829 4477 842 4505 ·
855 4473 975 4548 Inrddm
985 4477 1080 4524 γαιέων.
1120 4476 1182 4524 Sunt
1197 4477 1261 4525 enim
1272 4476 1380 4527 veloolta·

79 4549 141 4582 vuer
160 4539 211 4597 (la
233 4535 287 4582 Lm
304 4534 380 4610 1.)'et
395 4544 422 4581 ut
437 4545 512 4596 spatia
532 4535 648 4598 dascnpta
665 4538 719 4601 (per
750 4546 792 4592 tes,
810 4537 1107 4612 prapaaqdatotemparis
1122 4551 1243 4590 mousento
1258 4541 1380 4605 descripta.

84 4597 434 4726 ollii'slsslileialllell
465 4663 603 4719 Quaenim
614 4673 716 4714 eom
750 4608 845 4714 m
855 4601 935 4730 iiidi'
945 4602 1329 4670 ffimwhmm
1343 4621 1381 4656 κ’

706 4744 759 4798 Κ4
