3098 5534
194 380 255 439 ssa
487 372 828 447 autuosoauna
849 378 1122 469 auruncus
1188 378 1302 459 [aar.
1319 383 1479 451 comn-

664 801 851 878 SECTIO
875 804 987 879 XIII.

338 1005 400 1080 De
413 1028 598 1103 carpenum
621 1029 691 1081 aaa
705 1009 952 1105 spbaericorum
969 1011 1101 1084 mutas
1115 1013 1315 1086 attactiais.

364 1264 648 1335 PROPOSITIO
670 1266 849 1334 LXXXV.
893 1260 1164 1337 THEOREMA
1187 1270 1313 1337 XLII.

191 1435 228 1497 Si
240 1435 370 1516 corporis
383 1437 516 1512 attracti,
532 1436 583 1499 ubi
596 1436 761 1500 attrahenti
774 1439 937 1522 contr’grctnr
951 1448 1003 1516 est,
1027 1440 1167 1502 attractio
1189 1437 1275 1523 tangi
1282 1440 1405 1522 finiar
1423 1441 1474 1517 sit,

235 1561 321 1624 quan
335 1561 398 1605 aar
411 1542 458 1605 aei
469 1542 590 1605 mirina
603 1543 761 1607 iruaaaib
772 1544 997 1624 separmrtraad
1008 1546 1152 1609 ὶηυίεωε
1171 1545 1474 1627 vtraparricatm

234 1647 388 1723 astartis,
404 1649 437 1709 ia
450 1668 560 1711 recessa
573 1648 704 1729 carparis
717 1650 851 1727 attracti,
866 1649 1031 1713 deotmar
1041 1651 1074 1712 ia
1084 1650 1200 1715 ratione
1207 1651 1364 1733 prusam
1373 1651 1475 1733 aaa·

235 1748 303 1814 cata
318 1753 527 1816 distantiam
541 1772 562 1814 a
579 1753 748 1834 partiariis.

236 1922 320 1988 Num
334 1923 362 1987 si
376 1923 456 1987 vires
471 1923 655 1988 decrescunt
669 1923 702 1986 in
717 1923 838 1988 ratione
855 1921 1011 2006 duplicati
1032 1923 1249 1988 distantiarum
1262 1946 1282 1987 a
1294 1923 1476 2006 particulis;

191 2029 334 2092 attractio
348 2050 455 2093 versus
470 2049 584 2112 corpus
598 2027 796 2111 sphericum,
813 2041 979 2113 propterea
993 2028 1076 2114 quod
1100 2033 1170 2111 (per
1186 2028 1280 2110 Prop.
1297 2027 1476 2106 LXXIV.)

191 2133 231 2196 sit
245 2132 403 2218 reciproce
420 2146 453 2198 ut
469 2133 655 2221 quadratum
676 2134 831 2219 distantia
852 2135 974 2199 attracti
995 2135 1135 2218 corporis
1160 2156 1180 2197 a
1203 2145 1311 2197 centro
1333 2132 1478 2216 aphar-re,

191 2238 276 2304 baud
298 2240 483 2304 sensibiliter
507 2240 671 2328 augebitur
694 2262 734 2305 ex
757 2253 921 2317 contactu3
951 2255 1043 2327 atque
1066 2240 1168 2304 adbuc
1190 2239 1291 2302 minus
1314 2240 1482 2325 augebitur

190 2366 231 2410 cx
246 2359 401 2426 contactu,
418 2349 444 2411 si
460 2348 602 2412 attractio
616 2348 648 2411 in
671 2369 795 2412 recessu
817 2347 957 2431 corporis
979 2347 1100 2411 attracti
1122 2345 1279 2412 decrescat
1301 2346 1334 2408 in
1359 2346 1480 2409 ratione

191 2453 321 2518 minore.
367 2455 459 2525 Patet
484 2455 578 2541 igitur
600 2453 772 2538 propositio
797 2453 837 2518 de
861 2452 991 2538 sphoeris
1016 2452 1193 2517 attractivis.
1239 2451 1278 2535 (⁶)
1303 2451 1345 2516 Et
1359 2473 1420 2536 par
1433 2461 1481 2517 est

191 2558 270 2622 ratio
284 2559 408 2623 orbium
423 2548 650 2747 sphaericorpm
665 2579 874 2623 caccavorum
888 2579 1021 2643 corpora
1042 2570 1171 2622 externa
1193 2556 1390 2620 trahentium.
1439 2557 1483 2621 Et

190 2667 291 2734 multo
305 2670 404 2756 magis
420 2691 469 2733 res
485 2682 590 2733 consta
608 2669 652 2753 in
666 2668 795 2733 orbibus
810 2688 943 2752 corpora
957 2667 1085 2731 interius
1099 2666 1264 2730 constituta
1274 2663 1481 2740 trahentibus,

190 2793 262 2837 cum
277 2774 477 2838 attractiones
491 2770 604 2858 passim'
619 2793 676 2856 per
690 2772 814 2836 orbium
829 2771 975 2836 caaitates
996 2771 1037 2835 ab
1058 2769 1293 2835 attractionibus
1317 2770 1483 2832 contrariis

192 2883 262 2962 (per
275 2878 370 2963 Prop.
383 2878 510 2960 Lxx.)
521 2878 678 2955 tollantur,
688 2877 821 2963 ideoque
832 2877 881 2940 vel
892 2877 1002 2960 inipso
1012 2889 1154 2939 contactu
1167 2874 1262 2937 nullae
1274 2887 1355 2938 sunt.
1381 2872 1483 2950 Quod

191 2984 218 3048 ai
233 2983 363 3068 sphoeris
378 2982 464 3048 nisce
478 2983 667 3070 orbibusque
681 2982 841 3067 sphaericis
856 2993 960 3067 partes
975 2964 1120 3067 quaslibet
1133 3004 1152 3044 a
1166 2980 1236 3043 Ioco
1250 2993 1409 3043 contactus
1433 3002 1483 3044 re·

190 3105 286 3156 motae
302 3091 492 3170 auferantur,
515 3105 547 3157 et
562 3104 666 3176 partes
681 3113 771 3155 novae
786 3092 887 3155 ubivis
902 3091 1074 3155 addantur:
1097 3090 1210 3153 mutari
1224 3103 1355 3174 possunt
1370 3089 1484 3175 figurae

190 3197 307 3260 horum
321 3219 490 3281 corporum
506 3196 737 3261 attractivorum
754 3218 814 3281 pro
829 3197 939 3272 lubitu,
963 3218 1020 3260 nec
1044 3211 1147 3259 tamen
1169 3209 1272 3278 partes
1295 3194 1410 3256 additae
1434 3195 1485 3257 uel

191 3303 363 3381 subducta,
380 3325 452 3367 cum
468 3303 530 3367 sint
544 3326 564 3367 a
578 3302 649 3366 Ioco
663 3314 824 3366 contactus
839 3314 977 3378 remotae,
994 3301 1152 3388 augebunt
1171 3299 1347 3364 notabiliter
1369 3312 1484 3362 attrac-

190 3409 284 3474 tionis
299 3404 473 3485 cxcc'ssum,
491 3408 545 3494 qui
560 3429 600 3472 ex
615 3421 760 3471 contactu
774 3407 883 3471 oritur.
921 3407 1053 3471 Constat
1067 3406 1161 3493 igitur
1174 3405 1347 3490 propositio
1360 3404 1401 3468 de
1412 3427 1485 3467 cor·

190 3513 321 3599 poribus
335 3514 507 3601 figurarum
522 3508 672 3577 omnium.
718 3512 760 3588 Q.
777 3534 804 3577 e.
821 3512 854 3577 d.

351 3725 636 3793 PROPOSITIO
660 3724 860 3790 LXXXVI.
906 3722 1175 3789 THEOREMA
1199 3721 1329 3786 XLIII.

191 3878 227 3945 Si
234 3878 463 3960 maranen,
479 3897 516 3938 ea
530 3874 634 3957 quibus
648 3894 752 3955 carpas
765 3871 952 3934 attractinanr
966 3870 1155 3952 consponitar,
1170 3870 1246 3930 vires
1257 3869 1289 3929 ia
1300 3887 1409 3929 recessu
1419 3887 1485 3928 cor.

228 3988 316 4071 poris
330 3986 455 4048 attracti
469 3986 636 4046 decrerasnt
651 3984 685 4045 in
699 3979 855 4062 triplicata
870 3981 916 4042 nel
923 3980 1080 4060 pluraquam
1105 3975 1258 4057 triplicata
1284 3977 1400 4035 ratione
1422 3977 1486 4037 dis·

234 4097 398 4160 tortiorum
412 4116 432 4155 a
445 4091 617 4174 partiariis,
632 4091 776 4153 attractio
789 4089 876 4171 lange
883 4087 1004 4169 sortior
1016 4086 1075 4146 erit
1090 4086 1122 4146 in
1144 4094 1287 4159 contacta,
1311 4104 1397 4165 quam
1422 4105 1485 4144 aeas

235 4202 356 4265 trabeas
371 4209 400 4262 et
414 4207 574 4262 attractam
590 4197 749 4260 interuallo
764 4195 810 4258 nel
823 4194 943 4256 minimo
956 4200 1133 4273 separantur
1147 4190 1185 4252 ab
1200 4192 1330 4253 invicem.

206 4434 211 4443 .
238 4354 321 4418 Nam
337 4351 553 4416 attractionem
569 4349 601 4411 in
617 4367 742 4411 accessu
759 4343 880 4409 attracti
895 4340 1070 4424 corpusculi
1085 4340 1125 4403 ad
1140 4340 1315 4424 hujusmodi
1330 4339 1488 4424 sphaeram

226 4522 259 4584 (⁴)
279 4528 291 4554 ⁶
310 4525 343 4572 Et
350 4539 397 4584 par
406 4530 437 4569 est
449 4523 508 4568 rata
519 4494 609 4568 attan
620 4518 782 4580 quadrarum
793 4531 953 4565 emeramm-
990 4511 1049 4575 (I’et
1063 4512 1133 4574 Prop.
1148 4513 1200 4573 tt.)
