<?xml version="1.0" encoding="UTF-8"?>
<!DOCTYPE html PUBLIC "-//W3C//DTD XHTML 1.0 Transitional//EN"
    "http://www.w3.org/TR/xhtml1/DTD/xhtml1-transitional.dtd">
<html xmlns="http://www.w3.org/1999/xhtml" xml:lang="en" lang="en">
 <head>
  <title>
</title>
<meta http-equiv="Content-Type" content="text/html;charset=utf-8" />
  <meta name='ocr-system' content='tesseract 3.04.00' />
  <meta name='ocr-capabilities' content='ocr_page ocr_carea ocr_par ocr_line ocrx_word'/>
</head>
<body>
  <div class='ocr_page' id='page_1' title='image "./philosophinatur01newtgoog/philosophinatur01newtgoog_0010.png"; bbox 0 0 3098 5534; ppageno 0'>
   <div class='ocr_carea' id='block_1_1' title="bbox 468 612 949 1153">
    <p class='ocr_par' dir='ltr' id='par_1_1' title="bbox 468 612 949 1153">
     <span class='ocr_line' id='line_1_1' title="bbox 562 612 857 692; baseline 0 -1"><span class='ocrx_word' id='word_1_1' title='bbox 562 612 857 692; x_wconf 85' lang='lat' dir='ltr'>LECTORI</span> 
     </span>
     <span class='ocr_line' id='line_1_2' title="bbox 695 843 731 919; baseline -0.056 0"><span class='ocrx_word' id='word_1_2' title='bbox 695 843 731 919; x_wconf 89' lang='lat' dir='ltr'>S.</span> 
     </span>
     <span class='ocr_line' id='line_1_3' title="bbox 468 1066 949 1153; baseline 0 -3"><span class='ocrx_word' id='word_1_3' title='bbox 468 1066 949 1153; x_wconf 87' lang='lat' dir='ltr'>TYPOGRAPHI.</span> 
     </span>
    </p>
   </div>
   <div class='ocr_carea' id='block_1_2' title="bbox 661 1334 771 1357">
    <p class='ocr_par' dir='ltr' id='par_1_2' title="bbox 661 1334 771 1357">
     <span class='ocr_line' id='line_1_4' title="bbox 661 1334 771 1357; baseline 0 0"><span class='ocrx_word' id='word_1_4' title='bbox 661 1334 771 1357; x_wconf 62' lang='lat' dir='ltr'>m</span> 
     </span>
    </p>
   </div>
   <div class='ocr_carea' id='block_1_3' title="bbox 606 1360 625 1415">
    <p class='ocr_par' dir='ltr' id='par_1_3' title="bbox 606 1360 625 1415">
     <span class='ocr_line' id='line_1_5' title="bbox 606 1360 625 1415; baseline 0 0"><span class='ocrx_word' id='word_1_5' title='bbox 606 1360 625 1415; x_wconf 67' lang='grc' dir='ltr'><strong><em>θ</em></strong></span> 
     </span>
    </p>
   </div>
   <div class='ocr_carea' id='block_1_4' title="bbox 15 1504 1400 4113">
    <p class='ocr_par' dir='ltr' id='par_1_4' title="bbox 56 1504 1400 2781">
     <span class='ocr_line' id='line_1_6' title="bbox 62 1504 1400 1601; baseline -0.002 -18"><span class='ocrx_word' id='word_1_6' title='bbox 62 1505 245 1584; x_wconf 77' lang='lat' dir='ltr'>Newrour</span> <span class='ocrx_word' id='word_1_7' title='bbox 262 1515 464 1581; x_wconf 79' lang='lat' dir='ltr'>illustrissimi</span> <span class='ocrx_word' id='word_1_8' title='bbox 477 1536 558 1601; x_wconf 87' lang='lat' dir='ltr'>opus</span> <span class='ocrx_word' id='word_1_9' title='bbox 579 1513 641 1578; x_wconf 94' lang='lat' dir='ltr'>hoc</span> <span class='ocrx_word' id='word_1_10' title='bbox 657 1513 814 1600; x_wconf 86' lang='lat' dir='ltr'>inprimis</span> <span class='ocrx_word' id='word_1_11' title='bbox 835 1511 1038 1590; x_wconf 83' lang='lat' dir='ltr'>laudandum,</span> <span class='ocrx_word' id='word_1_12' title='bbox 1061 1513 1150 1599; x_wconf 87' lang='lat' dir='ltr'>cujus</span> <span class='ocrx_word' id='word_1_13' title='bbox 1171 1515 1364 1600; x_wconf 86' lang='lat' dir='ltr'>exemplaria</span> <span class='ocrx_word' id='word_1_14' title='bbox 1394 1504 1400 1555; x_wconf 68' lang='grc'>·’</span> 
     </span>
     <span class='ocr_line' id='line_1_7' title="bbox 60 1624 1364 1730; baseline -0.002 -20"><span class='ocrx_word' id='word_1_15' title='bbox 60 1658 130 1711; x_wconf 86' lang='lat' dir='ltr'>sunt</span> <span class='ocrx_word' id='word_1_16' title='bbox 143 1645 322 1721; x_wconf 88' lang='lat' dir='ltr'>rarissima,</span> <span class='ocrx_word' id='word_1_17' title='bbox 338 1656 369 1708; x_wconf 93' lang='lat' dir='ltr'>et</span> <span class='ocrx_word' id='word_1_18' title='bbox 382 1644 525 1730; x_wconf 90' lang='lat' dir='ltr'>impenso</span> <span class='ocrx_word' id='word_1_19' title='bbox 538 1624 642 1729; x_wconf 85' lang='lat' dir='ltr'>pretio</span> <span class='ocrx_word' id='word_1_20' title='bbox 656 1654 819 1728; x_wconf 80' lang='lat' dir='ltr'>parantur,</span> <span class='ocrx_word' id='word_1_21' title='bbox 841 1662 928 1705; x_wconf 92' lang='lat' dir='ltr'>nunc</span> <span class='ocrx_word' id='word_1_22' title='bbox 947 1639 1048 1705; x_wconf 79' lang='lat' dir='ltr'>sormi</span> <span class='ocrx_word' id='word_1_23' title='bbox 1068 1641 1284 1706; x_wconf 85' lang='lat' dir='ltr'>commodiore</span> <span class='ocrx_word' id='word_1_24' title='bbox 1306 1643 1364 1707; x_wconf 89' lang='lat' dir='ltr'>tibi</span> 
     </span>
     <span class='ocr_line' id='line_1_8' title="bbox 58 1750 1363 1854; baseline -0.003 -15"><span class='ocrx_word' id='word_1_25' title='bbox 58 1776 90 1839; x_wconf 86' lang='lat' dir='ltr'>in</span> <span class='ocrx_word' id='word_1_26' title='bbox 100 1795 234 1837; x_wconf 89' lang='lat' dir='ltr'>manum</span> <span class='ocrx_word' id='word_1_27' title='bbox 244 1771 407 1837; x_wconf 78' lang='lat' dir='ltr'>tradimus.</span> <span class='ocrx_word' id='word_1_28' title='bbox 448 1768 537 1847; x_wconf 85' lang='lat' dir='ltr'>Quid</span> <span class='ocrx_word' id='word_1_29' title='bbox 548 1768 653 1835; x_wconf 89' lang='lat' dir='ltr'>inhac</span> <span class='ocrx_word' id='word_1_30' title='bbox 662 1750 799 1834; x_wconf 85' lang='lat' dir='ltr'>editione</span> <span class='ocrx_word' id='word_1_31' title='bbox 815 1766 1072 1854; x_wconf 83' lang='lat' dir='ltr'>exspectandum,</span> <span class='ocrx_word' id='word_1_32' title='bbox 1092 1769 1201 1853; x_wconf 82' lang='lat' dir='ltr'>paucis</span> <span class='ocrx_word' id='word_1_33' title='bbox 1215 1781 1248 1834; x_wconf 90' lang='lat' dir='ltr'>te</span> <span class='ocrx_word' id='word_1_34' title='bbox 1261 1771 1363 1835; x_wconf 90' lang='lat' dir='ltr'>moni·</span> 
     </span>
     <span class='ocr_line' id='line_1_9' title="bbox 61 1890 1380 1975; baseline 0.001 0"><span class='ocrx_word' id='word_1_35' title='bbox 61 1920 127 1975; x_wconf 82' lang='lat' dir='ltr'>tum</span> <span class='ocrx_word' id='word_1_36' title='bbox 141 1908 291 1971; x_wconf 88' lang='lat' dir='ltr'>velimus.</span> <span class='ocrx_word' id='word_1_37' title='bbox 363 1942 379 1967; x_wconf 71' lang='grc' dir='ltr'><strong><em>ι</em></strong></span> <span class='ocrx_word' id='word_1_38' title='bbox 1375 1890 1380 1901; x_wconf 57' lang='grc'><strong><em>’</em></strong></span> 
     </span>
     <span class='ocr_line' id='line_1_10' title="bbox 56 2034 1361 2120; baseline 0.002 -19"><span class='ocrx_word' id='word_1_39' title='bbox 56 2074 63 2089; x_wconf 83' lang='grc'>-</span> <span class='ocrx_word' id='word_1_40' title='bbox 96 2034 177 2102; x_wconf 82' lang='lat' dir='ltr'>Erat</span> <span class='ocrx_word' id='word_1_41' title='bbox 186 2038 441 2103; x_wconf 91' lang='lat' dir='ltr'>nobisinanimo</span> <span class='ocrx_word' id='word_1_42' title='bbox 451 2038 595 2103; x_wconf 86' lang='lat' dir='ltr'>illaan</span> <span class='ocrx_word' id='word_1_43' title='bbox 603 2038 697 2103; x_wconf 73' lang='lat' dir='ltr'>Sena</span> <span class='ocrx_word' id='word_1_44' title='bbox 705 2036 928 2120; x_wconf 72' lang='lat' dir='ltr'>ethcpurar,</span> <span class='ocrx_word' id='word_1_45' title='bbox 936 2036 1177 2104; x_wconf 77' lang='lat' dir='ltr'>Societatislesu</span> <span class='ocrx_word' id='word_1_46' title='bbox 1186 2038 1361 2120; x_wconf 87' lang='lat' dir='ltr'>Sociorum,</span> 
     </span>
     <span class='ocr_line' id='line_1_11' title="bbox 60 2163 1364 2251; baseline 0.003 -22"><span class='ocrx_word' id='word_1_47' title='bbox 60 2188 134 2229; x_wconf 86' lang='lat' dir='ltr'>cum</span> <span class='ocrx_word' id='word_1_48' title='bbox 148 2189 261 2231; x_wconf 87' lang='lat' dir='ltr'>eorum</span> <span class='ocrx_word' id='word_1_49' title='bbox 277 2166 503 2232; x_wconf 82' lang='lat' dir='ltr'>commentario</span> <span class='ocrx_word' id='word_1_50' title='bbox 516 2178 679 2251; x_wconf 87' lang='lat' dir='ltr'>perpetuo,</span> <span class='ocrx_word' id='word_1_51' title='bbox 696 2164 731 2229; x_wconf 87' lang='lat' dir='ltr'>in</span> <span class='ocrx_word' id='word_1_52' title='bbox 744 2164 890 2229; x_wconf 86' lang='lat' dir='ltr'>omnibus</span> <span class='ocrx_word' id='word_1_53' title='bbox 900 2165 1055 2251; x_wconf 83' lang='lat' dir='ltr'>integram</span> <span class='ocrx_word' id='word_1_54' title='bbox 1066 2163 1170 2244; x_wconf 87' lang='lat' dir='ltr'>odere,</span> <span class='ocrx_word' id='word_1_55' title='bbox 1184 2165 1245 2231; x_wconf 88' lang='lat' dir='ltr'>nisi</span> <span class='ocrx_word' id='word_1_56' title='bbox 1255 2189 1364 2233; x_wconf 84' lang='lat' dir='ltr'>revera</span> 
     </span>
     <span class='ocr_line' id='line_1_12' title="bbox 61 2291 1362 2380; baseline -0.001 -20"><span class='ocrx_word' id='word_1_57' title='bbox 61 2298 115 2362; x_wconf 93' lang='lat' dir='ltr'>ubi</span> <span class='ocrx_word' id='word_1_58' title='bbox 135 2298 261 2362; x_wconf 85' lang='lat' dir='ltr'>macula</span> <span class='ocrx_word' id='word_1_59' title='bbox 283 2297 389 2362; x_wconf 84' lang='lat' dir='ltr'>forsan</span> <span class='ocrx_word' id='word_1_60' title='bbox 409 2295 463 2361; x_wconf 89' lang='lat' dir='ltr'>hic</span> <span class='ocrx_word' id='word_1_61' title='bbox 486 2295 549 2360; x_wconf 93' lang='lat' dir='ltr'>illic</span> <span class='ocrx_word' id='word_1_62' title='bbox 570 2294 677 2360; x_wconf 84' lang='lat' dir='ltr'>furtim</span> <span class='ocrx_word' id='word_1_63' title='bbox 697 2295 880 2380; x_wconf 86' lang='lat' dir='ltr'>irrepsisset.</span> <span class='ocrx_word' id='word_1_64' title='bbox 926 2291 1093 2377; x_wconf 85' lang='lat' dir='ltr'>Quidquid</span> <span class='ocrx_word' id='word_1_65' title='bbox 1106 2313 1203 2376; x_wconf 88' lang='lat' dir='ltr'>penes</span> <span class='ocrx_word' id='word_1_66' title='bbox 1218 2315 1276 2358; x_wconf 92' lang='lat' dir='ltr'>nos</span> <span class='ocrx_word' id='word_1_67' title='bbox 1294 2294 1362 2374; x_wconf 83' lang='lat' dir='ltr'>fuit,</span> 
     </span>
     <span class='ocr_line' id='line_1_13' title="bbox 61 2423 1363 2515; baseline 0.004 -27"><span class='ocrx_word' id='word_1_68' title='bbox 61 2428 280 2511; x_wconf 76' lang='lat' dir='ltr'>praestitimus.</span> <span class='ocrx_word' id='word_1_69' title='bbox 306 2427 470 2492; x_wconf 87' lang='lat' dir='ltr'>Editiones</span> <span class='ocrx_word' id='word_1_70' title='bbox 482 2426 622 2493; x_wconf 85' lang='lat' dir='ltr'>Genevae</span> <span class='ocrx_word' id='word_1_71' title='bbox 632 2448 683 2493; x_wconf 86' lang='lat' dir='ltr'>au.</span> <span class='ocrx_word' id='word_1_72' title='bbox 697 2432 846 2498; x_wconf 73' lang='lat'>1739-42</span> <span class='ocrx_word' id='word_1_73' title='bbox 862 2425 1047 2491; x_wconf 81' lang='lat' dir='ltr'>etColoniae</span> <span class='ocrx_word' id='word_1_74' title='bbox 1056 2423 1267 2515; x_wconf 76' lang='lat' dir='ltr'>Allobrogum</span> <span class='ocrx_word' id='word_1_75' title='bbox 1279 2437 1363 2499; x_wconf 86' lang='lat'>1760</span> 
     </span>
     <span class='ocr_line' id='line_1_14' title="bbox 66 2557 1360 2648; baseline 0.005 -27"><span class='ocrx_word' id='word_1_76' title='bbox 66 2557 234 2645; x_wconf 78' lang='lat' dir='ltr'>evulgatas,</span> <span class='ocrx_word' id='word_1_77' title='bbox 240 2558 323 2625; x_wconf 84' lang='lat' dir='ltr'>inter</span> <span class='ocrx_word' id='word_1_78' title='bbox 333 2582 403 2625; x_wconf 84' lang='lat' dir='ltr'>sese</span> <span class='ocrx_word' id='word_1_79' title='bbox 413 2559 548 2626; x_wconf 84' lang='lat' dir='ltr'>fideliter</span> <span class='ocrx_word' id='word_1_80' title='bbox 556 2560 695 2641; x_wconf 83' lang='lat' dir='ltr'>collatos,</span> <span class='ocrx_word' id='word_1_81' title='bbox 708 2561 929 2640; x_wconf 75' lang='lat' dir='ltr'>curaverimus,</span> <span class='ocrx_word' id='word_1_82' title='bbox 940 2574 976 2627; x_wconf 92' lang='lat' dir='ltr'>ut</span> <span class='ocrx_word' id='word_1_83' title='bbox 985 2561 1205 2648; x_wconf 84' lang='lat' dir='ltr'>discrepantioe</span> <span class='ocrx_word' id='word_1_84' title='bbox 1214 2562 1247 2626; x_wconf 93' lang='lat' dir='ltr'>in</span> <span class='ocrx_word' id='word_1_85' title='bbox 1256 2562 1360 2628; x_wconf 91' lang='lat' dir='ltr'>lucem</span> 
     </span>
     <span class='ocr_line' id='line_1_15' title="bbox 64 2685 1358 2781; baseline 0.006 -33"><span class='ocrx_word' id='word_1_86' title='bbox 64 2685 184 2750; x_wconf 67' lang='lat' dir='ltr'>eductae</span> <span class='ocrx_word' id='word_1_87' title='bbox 198 2709 311 2752; x_wconf 86' lang='lat' dir='ltr'>omnes</span> <span class='ocrx_word' id='word_1_88' title='bbox 326 2687 599 2781; x_wconf 71' lang='lat' dir='ltr'>perlustrarentur,</span> <span class='ocrx_word' id='word_1_89' title='bbox 614 2687 677 2778; x_wconf 72' lang='lat' dir='ltr'>qud</span> <span class='ocrx_word' id='word_1_90' title='bbox 690 2712 814 2757; x_wconf 84' lang='lat' dir='ltr'>errores</span> <span class='ocrx_word' id='word_1_91' title='bbox 823 2691 910 2758; x_wconf 91' lang='lat' dir='ltr'>haud</span> <span class='ocrx_word' id='word_1_92' title='bbox 923 2708 1041 2773; x_wconf 88' lang='lat' dir='ltr'>paucos</span> <span class='ocrx_word' id='word_1_93' title='bbox 1056 2686 1140 2753; x_wconf 82' lang='lat' dir='ltr'>foras</span> <span class='ocrx_word' id='word_1_94' title='bbox 1155 2689 1358 2756; x_wconf 85' lang='lat' dir='ltr'>extrusimus.</span> 
     </span>
    </p>

    <p class='ocr_par' dir='ltr' id='par_1_5' title="bbox 15 2808 1363 2921">
     <span class='ocr_line' id='line_1_16' title="bbox 15 2808 1363 2921; baseline 0.01 -50"><span class='ocrx_word' id='word_1_95' title='bbox 15 2818 22 2921; x_wconf 61' lang='lat' dir='ltr'>p</span> <span class='ocrx_word' id='word_1_96' title='bbox 65 2808 213 2894; x_wconf 84' lang='lat' dir='ltr'>Denique</span> <span class='ocrx_word' id='word_1_97' title='bbox 224 2823 261 2874; x_wconf 90' lang='lat' dir='ltr'>ut</span> <span class='ocrx_word' id='word_1_98' title='bbox 275 2811 356 2876; x_wconf 89' lang='lat' dir='ltr'>nihil</span> <span class='ocrx_word' id='word_1_99' title='bbox 371 2812 500 2892; x_wconf 83' lang='lat' dir='ltr'>deesset,</span> <span class='ocrx_word' id='word_1_100' title='bbox 525 2814 602 2900; x_wconf 88' lang='lat' dir='ltr'>quin</span> <span class='ocrx_word' id='word_1_101' title='bbox 622 2814 739 2880; x_wconf 88' lang='lat' dir='ltr'>librum</span> <span class='ocrx_word' id='word_1_102' title='bbox 761 2817 892 2905; x_wconf 88' lang='lat' dir='ltr'>singulis</span> <span class='ocrx_word' id='word_1_103' title='bbox 914 2826 1164 2884; x_wconf 90' lang='lat' dir='ltr'>consummatum</span> <span class='ocrx_word' id='word_1_104' title='bbox 1179 2817 1363 2898; x_wconf 84' lang='lat' dir='ltr'>faceremus,</span> 
     </span>
    </p>

    <p class='ocr_par' dir='ltr' id='par_1_6' title="bbox 17 2924 1366 4113">
     <span class='ocr_line' id='line_1_17' title="bbox 17 2924 1363 3033; baseline 0.009 -37"><span class='ocrx_word' id='word_1_105' title='bbox 17 2924 21 2949; x_wconf 88' lang='lat'><strong>¹</strong></span> <span class='ocrx_word' id='word_1_106' title='bbox 67 2934 168 2998; x_wconf 90' lang='lat' dir='ltr'>studio</span> <span class='ocrx_word' id='word_1_107' title='bbox 187 2937 361 3021; x_wconf 88' lang='lat' dir='ltr'>permissus</span> <span class='ocrx_word' id='word_1_108' title='bbox 399 2950 467 3005; x_wconf 88' lang='lat' dir='ltr'>erat</span> <span class='ocrx_word' id='word_1_109' title='bbox 488 2940 548 3003; x_wconf 85' lang='lat' dir='ltr'>viri</span> <span class='ocrx_word' id='word_1_110' title='bbox 569 2941 746 3008; x_wconf 79' lang='lat' dir='ltr'>matheseos</span> <span class='ocrx_word' id='word_1_111' title='bbox 767 2943 861 3029; x_wconf 90' lang='lat' dir='ltr'>plane</span> <span class='ocrx_word' id='word_1_112' title='bbox 882 2942 975 3030; x_wconf 85' lang='lat' dir='ltr'>periti</span> <span class='ocrx_word' id='word_1_113' title='bbox 1001 2943 1133 3010; x_wconf 84' lang='lat' dir='ltr'>Joaunis</span> <span class='ocrx_word' id='word_1_114' title='bbox 1150 2942 1200 3008; x_wconf 92' lang='lat' dir='ltr'>M.</span> <span class='ocrx_word' id='word_1_115' title='bbox 1217 2943 1363 3033; x_wconf 87' lang='lat' dir='ltr'>Wright,</span> 
     </span>
     <span class='ocr_line' id='line_1_18' title="bbox 68 3063 1365 3166; baseline 0.013 -39"><span class='ocrx_word' id='word_1_116' title='bbox 68 3063 248 3129; x_wconf 74' lang='lat' dir='ltr'>Academiae</span> <span class='ocrx_word' id='word_1_117' title='bbox 264 3066 533 3158; x_wconf 78' lang='lat' dir='ltr'>cantabrigiensis</span> <span class='ocrx_word' id='word_1_118' title='bbox 548 3071 678 3152; x_wconf 87' lang='lat' dir='ltr'>alumni,</span> <span class='ocrx_word' id='word_1_119' title='bbox 701 3073 766 3161; x_wconf 89' lang='lat' dir='ltr'>qui,</span> <span class='ocrx_word' id='word_1_120' title='bbox 788 3074 916 3142; x_wconf 83' lang='lat' dir='ltr'>schedis</span> <span class='ocrx_word' id='word_1_121' title='bbox 927 3077 1074 3143; x_wconf 86' lang='lat' dir='ltr'>omnibus</span> <span class='ocrx_word' id='word_1_122' title='bbox 1088 3076 1270 3166; x_wconf 77' lang='lat' dir='ltr'>diligentius</span> <span class='ocrx_word' id='word_1_123' title='bbox 1290 3102 1365 3165; x_wconf 89' lang='lat' dir='ltr'>per·</span> 
     </span>
     <span class='ocr_line' id='line_1_19' title="bbox 66 3198 1365 3308; baseline 0.013 -47"><span class='ocrx_word' id='word_1_124' title='bbox 66 3198 162 3276; x_wconf 88' lang='lat' dir='ltr'>lectis,</span> <span class='ocrx_word' id='word_1_125' title='bbox 183 3199 323 3267; x_wconf 85' lang='lat' dir='ltr'>maculas</span> <span class='ocrx_word' id='word_1_126' title='bbox 339 3201 466 3289; x_wconf 91' lang='lat' dir='ltr'>quidem</span> <span class='ocrx_word' id='word_1_127' title='bbox 482 3203 664 3270; x_wconf 89' lang='lat' dir='ltr'>cumulatim</span> <span class='ocrx_word' id='word_1_128' title='bbox 680 3210 772 3291; x_wconf 84' lang='lat' dir='ltr'>(teste</span> <span class='ocrx_word' id='word_1_129' title='bbox 781 3207 879 3308; x_wconf 77' lang='lat' dir='ltr'>ipsius</span> <span class='ocrx_word' id='word_1_130' title='bbox 889 3209 1100 3298; x_wconf 88' lang='lat' dir='ltr'>autographo)</span> <span class='ocrx_word' id='word_1_131' title='bbox 1117 3232 1190 3296; x_wconf 87' lang='lat' dir='ltr'>quae</span> <span class='ocrx_word' id='word_1_132' title='bbox 1205 3211 1238 3275; x_wconf 88' lang='lat' dir='ltr'>in</span> <span class='ocrx_word' id='word_1_133' title='bbox 1253 3210 1365 3278; x_wconf 89' lang='lat' dir='ltr'>editio-</span> 
     </span>
     <span class='ocr_line' id='line_1_20' title="bbox 67 3331 1366 3427; baseline 0.012 -36"><span class='ocrx_word' id='word_1_134' title='bbox 67 3331 158 3393; x_wconf 86' lang='lat' dir='ltr'>nibus</span> <span class='ocrx_word' id='word_1_135' title='bbox 177 3331 336 3415; x_wconf 82' lang='lat' dir='ltr'>prioribus</span> <span class='ocrx_word' id='word_1_136' title='bbox 368 3332 539 3413; x_wconf 82' lang='lat' dir='ltr'>latuissent,</span> <span class='ocrx_word' id='word_1_137' title='bbox 570 3335 670 3421; x_wconf 86' lang='lat' dir='ltr'>ejecit.</span> <span class='ocrx_word' id='word_1_138' title='bbox 715 3335 790 3412; x_wconf 77' lang='lat' dir='ltr'>Qut</span> <span class='ocrx_word' id='word_1_139' title='bbox 815 3336 856 3427; x_wconf 82' lang='lat' dir='ltr'>de</span> <span class='ocrx_word' id='word_1_140' title='bbox 881 3338 990 3404; x_wconf 77' lang='lat' dir='ltr'>caussd</span> <span class='ocrx_word' id='word_1_141' title='bbox 1015 3337 1107 3404; x_wconf 93' lang='lat' dir='ltr'>nobis</span> <span class='ocrx_word' id='word_1_142' title='bbox 1132 3359 1203 3423; x_wconf 91' lang='lat' dir='ltr'>spes</span> <span class='ocrx_word' id='word_1_143' title='bbox 1227 3341 1366 3406; x_wconf 80' lang='lat' dir='ltr'>maxima</span> 
     </span>
     <span class='ocr_line' id='line_1_21' title="bbox 64 3459 1365 3559; baseline 0.013 -36"><span class='ocrx_word' id='word_1_144' title='bbox 64 3459 236 3526; x_wconf 88' lang='lat' dir='ltr'>editionem</span> <span class='ocrx_word' id='word_1_145' title='bbox 248 3477 390 3530; x_wconf 84' lang='lat' dir='ltr'>nostram</span> <span class='ocrx_word' id='word_1_146' title='bbox 404 3487 472 3551; x_wconf 85' lang='lat' dir='ltr'>prae</span> <span class='ocrx_word' id='word_1_147' title='bbox 486 3467 632 3534; x_wconf 85' lang='lat' dir='ltr'>omnibus</span> <span class='ocrx_word' id='word_1_148' title='bbox 647 3469 834 3559; x_wconf 81' lang='lat' dir='ltr'>eligendam,</span> <span class='ocrx_word' id='word_1_149' title='bbox 845 3484 913 3539; x_wconf 90' lang='lat' dir='ltr'>tum</span> <span class='ocrx_word' id='word_1_150' title='bbox 924 3477 1046 3542; x_wconf 87' lang='lat' dir='ltr'>eoeteris</span> <span class='ocrx_word' id='word_1_151' title='bbox 1056 3478 1157 3543; x_wconf 92' lang='lat' dir='ltr'>multo</span> <span class='ocrx_word' id='word_1_152' title='bbox 1171 3475 1365 3542; x_wconf 86' lang='lat' dir='ltr'>emendatio-</span> 
     </span>
     <span class='ocr_line' id='line_1_22' title="bbox 63 3596 1365 3689; baseline 0.012 -36"><span class='ocrx_word' id='word_1_153' title='bbox 63 3610 141 3666; x_wconf 81' lang='lat' dir='ltr'>uem,</span> <span class='ocrx_word' id='word_1_154' title='bbox 173 3602 240 3656; x_wconf 87' lang='lat' dir='ltr'>tum</span> <span class='ocrx_word' id='word_1_155' title='bbox 261 3605 328 3660; x_wconf 82' lang='lat' dir='ltr'>arte</span> <span class='ocrx_word' id='word_1_156' title='bbox 352 3596 580 3685; x_wconf 68' lang='lat' dir='ltr'>typographicis</span> <span class='ocrx_word' id='word_1_157' title='bbox 602 3597 698 3689; x_wconf 71' lang='lat' dir='ltr'>longe</span> <span class='ocrx_word' id='word_1_158' title='bbox 725 3600 965 3670; x_wconf 82' lang='lat' dir='ltr'>adornatiorem.</span> <span class='ocrx_word' id='word_1_159' title='bbox 1023 3605 1069 3671; x_wconf 77' lang='lat' dir='ltr'>At</span> <span class='ocrx_word' id='word_1_160' title='bbox 1089 3606 1116 3670; x_wconf 89' lang='lat' dir='ltr'>si</span> <span class='ocrx_word' id='word_1_161' title='bbox 1136 3628 1202 3671; x_wconf 90' lang='lat' dir='ltr'>non</span> <span class='ocrx_word' id='word_1_162' title='bbox 1223 3606 1256 3670; x_wconf 92' lang='lat' dir='ltr'>in</span> <span class='ocrx_word' id='word_1_163' title='bbox 1278 3605 1365 3670; x_wconf 88' lang='lat' dir='ltr'>omni</span> 
     </span>
     <span class='ocr_line' id='line_1_23' title="bbox 63 3721 1365 3822; baseline 0.014 -39"><span class='ocrx_word' id='word_1_164' title='bbox 63 3732 152 3801; x_wconf 87' lang='lat' dir='ltr'>purte</span> <span class='ocrx_word' id='word_1_165' title='bbox 167 3721 210 3784; x_wconf 90' lang='lat' dir='ltr'>sit</span> <span class='ocrx_word' id='word_1_166' title='bbox 230 3721 375 3806; x_wconf 70' lang='lat' dir='ltr'>perlecta,</span> <span class='ocrx_word' id='word_1_167' title='bbox 399 3726 434 3789; x_wconf 92' lang='lat' dir='ltr'>in</span> <span class='ocrx_word' id='word_1_168' title='bbox 455 3728 639 3793; x_wconf 85' lang='lat' dir='ltr'>memoriam</span> <span class='ocrx_word' id='word_1_169' title='bbox 660 3750 782 3809; x_wconf 84' lang='lat' dir='ltr'>revoca,</span> <span class='ocrx_word' id='word_1_170' title='bbox 807 3731 925 3798; x_wconf 88' lang='lat' dir='ltr'>Lector</span> <span class='ocrx_word' id='word_1_171' title='bbox 944 3734 1106 3814; x_wconf 85' lang='lat' dir='ltr'>benevole,</span> <span class='ocrx_word' id='word_1_172' title='bbox 1130 3759 1225 3822; x_wconf 91' lang='lat' dir='ltr'>quam</span> <span class='ocrx_word' id='word_1_173' title='bbox 1240 3736 1365 3801; x_wconf 87' lang='lat' dir='ltr'>difficile</span> 
     </span>
     <span class='ocr_line' id='line_1_24' title="bbox 62 3830 1363 3952; baseline 0.014 -39"><span class='ocrx_word' id='word_1_174' title='bbox 62 3864 115 3928; x_wconf 85' lang='lat' dir='ltr'>est,</span> <span class='ocrx_word' id='word_1_175' title='bbox 133 3850 267 3917; x_wconf 84' lang='lat' dir='ltr'>sortasse</span> <span class='ocrx_word' id='word_1_176' title='bbox 282 3854 362 3920; x_wconf 82' lang='lat' dir='ltr'>ultra</span> <span class='ocrx_word' id='word_1_177' title='bbox 374 3855 512 3923; x_wconf 84' lang='lat' dir='ltr'>hominis</span> <span class='ocrx_word' id='word_1_178' title='bbox 526 3871 655 3939; x_wconf 87' lang='lat' dir='ltr'>sortem,</span> <span class='ocrx_word' id='word_1_179' title='bbox 670 3858 853 3948; x_wconf 85' lang='lat' dir='ltr'>hujusmodi</span> <span class='ocrx_word' id='word_1_180' title='bbox 867 3830 1044 3943; x_wconf 77' lang='lat' dir='ltr'>studiorum</span> <span class='ocrx_word' id='word_1_181' title='bbox 1058 3878 1175 3933; x_wconf 85' lang='lat' dir='ltr'>statum</span> <span class='ocrx_word' id='word_1_182' title='bbox 1198 3867 1363 3952; x_wconf 88' lang='lat' dir='ltr'>optimum,</span> 
     </span>
     <span class='ocr_line' id='line_1_25' title="bbox 62 3968 950 4113; baseline 0.019 -66"><span class='ocrx_word' id='word_1_183' title='bbox 62 3986 265 4113; x_wconf 53' lang='lat' dir='ltr'>quasstwis</span> <span class='ocrx_word' id='word_1_184' title='bbox 277 4000 470 4068; x_wconf 69' lang='lat' dir='ltr'>exortatum,</span> <span class='ocrx_word' id='word_1_185' title='bbox 487 3968 640 4082; x_wconf 80' lang='lat' dir='ltr'>attingere</span> <span class='ocrx_word' id='word_1_186' title='bbox 653 4004 709 4060; x_wconf 84' lang='lat' dir='ltr'>aut</span> <span class='ocrx_word' id='word_1_187' title='bbox 720 3994 879 4063; x_wconf 79' lang='lat' dir='ltr'>accedere</span> <span class='ocrx_word' id='word_1_188' title='bbox 945 4005 950 4015; x_wconf 81' lang='grc'><em>“</em></span> 
     </span>
    </p>
   </div>
   <div class='ocr_carea' id='block_1_5' title="bbox 24 4144 500 4407">
    <p class='ocr_par' dir='ltr' id='par_1_7' title="bbox 24 4144 500 4407">
     <span class='ocr_line' id='line_1_26' title="bbox 200 4144 212 4177; baseline 0 0"><span class='ocrx_word' id='word_1_189' title='bbox 200 4144 212 4177; x_wconf 74' lang='lat' dir='ltr'>t</span> 
     </span>
     <span class='ocr_line' id='line_1_27' title="bbox 88 4186 433 4307; baseline 0 -22"><span class='ocrx_word' id='word_1_190' title='bbox 88 4186 433 4307; x_wconf 55' lang='lat' dir='ltr'>machaon,</span> 
     </span>
     <span class='ocr_line' id='line_1_28' title="bbox 24 4232 500 4407; baseline 0.017 -24"><span class='ocrx_word' id='word_1_191' title='bbox 24 4356 28 4363; x_wconf 89' lang='lat'>-</span> <span class='ocrx_word' id='word_1_192' title='bbox 60 4323 132 4407; x_wconf 63' lang='lat' dir='ltr'>ape.</span> <span class='ocrx_word' id='word_1_193' title='bbox 156 4304 256 4387; x_wconf 61' lang='lat' dir='ltr'>Mae</span> <span class='ocrx_word' id='word_1_194' title='bbox 273 4327 356 4390; x_wconf 65' lang='lat' dir='ltr'>nna</span> <span class='ocrx_word' id='word_1_195' title='bbox 378 4232 500 4403; x_wconf 72' lang='lat' dir='ltr'>rrae}</span> 
     </span>
    </p>
   </div>
   <div class='ocr_carea' id='block_1_6' title="bbox 0 0 1554 5534">
    <p class='ocr_par' dir='ltr' id='par_1_8' title="bbox 0 0 1554 5534">
     <span class='ocr_line' id='line_1_29' title="bbox 0 0 1554 5534; baseline 0 0"><span class='ocrx_word' id='word_1_196' title='bbox 0 0 1554 5534; x_wconf 95' lang='lat' dir='ltr'> </span> 
     </span>
    </p>
   </div>
  </div>
 </body>
</html>
