3098 5534
140 412 253 477 Lmen
270 410 437 490 spontin]
485 411 727 478 PRINCIPIA
757 412 1129 479 MATHEMATICA.
1367 422 1432 485 287

141 606 260 672 gressu.
307 584 391 647 Num
407 584 523 648 lineola
536 584 666 670 physica
680 612 690 646 s
704 613 734 667 γ,
750 587 981 671 quamprimum
996 586 1156 651 edlocum
1179 609 1271 651 suum
1295 588 1432 672 primum

139 693 277 770 redierit,
302 697 342 779 (¹¹)
358 695 513 780 quiescet3
535 718 637 781 neque
652 696 799 779 deinceps
820 697 1006 774 movebitur,
1028 696 1088 760 nisi
1104 696 1156 760 vel
1168 697 1208 760 ab
1222 698 1342 780 impetu
1363 719 1433 761 uor-

139 800 225 883 poris
241 800 375 876 tremuli,
392 800 441 863 vel
456 801 496 862 ab
510 801 630 884 impetu
645 801 792 885 pulsuum
805 802 860 886 qui
875 825 895 864 u
909 824 1042 885 corpore
1057 803 1191 865 tremulo
1205 816 1430 889 propagantur,

139 919 227 969 motu
242 928 324 968 novo
347 907 473 969 cientur.
519 907 669 980 Quiescet
689 907 785 995 igitur
805 908 1036 992 quamprimum
1057 909 1166 992 pulsus
1181 932 1201 973 a
1215 931 1346 994 corpore
1368 923 1431 975 tre·

84 1015 89 1024 '
138 1015 225 1077 mulo
239 1016 407 1102 propagari
422 1016 576 1097 desinunt.

269 1291 554 1358 PROPOSITIO
579 1291 743 1356 XLVIII.
791 1289 1064 1356 THEOREMA
1087 1288 1292 1356 XXXVIII.

134 1466 279 1527 Pulsuum
302 1466 336 1526 t'n
344 1466 451 1550 fluido
466 1467 586 1527 elostico
602 1475 841 1548 propugatomsm
857 1465 1026 1527 velocitates
1040 1474 1109 1526 sunt
1130 1467 1163 1527 in
1177 1468 1298 1555 ratione
1311 1487 1427 1549 compo-

178 1569 238 1633 ,site
252 1593 290 1631 es
303 1571 512 1652 subduplicutd
533 1573 653 1633 ratione
673 1573 719 1634 vis
740 1572 872 1634 eioriicoe
892 1566 1006 1632 directe*
1026 1579 1056 1631 et
1077 1570 1285 1651 ntbduplioatd
1306 1576 1428 1635 ratione

177 1678 337 1739 densitatis
359 1674 497 1748 invem&
520 1678 548 1739 si
562 1679 647 1738 modo
648 1677 751 1763 fluidi
765 1678 809 1740 nis
824 1678 949 1739 clastica
963 1674 1089 1758 ejusdem
1104 1665 1333 1741 condensationi
1347 1700 1425 1760 pro·

171 1787 358 1866 portionalis
372 1806 433 1848 esse
446 1794 640 1866 stepponatur.

177 1957 245 2018 Cos.
264 1965 292 2019 1.
317 1957 351 2020 Si
365 1955 469 2019 medio
483 1956 545 2020 sint
558 1956 765 2044 homogeneu,
786 1970 818 2020 et
838 1955 986 2040 pulsuum
1008 1955 1162 2020 distantius
1184 1956 1217 2019 in
1239 1955 1288 2020 his
1311 1956 1424 2021 mediis

131 2073 295 2145 aequentur
309 2061 391 2125 inter
406 2085 449 2138 se,
465 2061 521 2126 sed
536 2074 638 2125 motus
654 2062 686 2125 in
702 2083 766 2126 uno
781 2063 886 2125 medio
901 2063 1053 2125 intensior
1068 2061 1125 2125 sit:
1149 2063 1376 2127 contractiones
1391 2056 1425 2129 et

130 2167 327 2230 dilatationes
340 2168 477 2252 partium
491 2168 693 2256 analogumm
709 2170 749 2254 (⁰)
766 2178 859 2233 erunt
873 2182 908 2233 ut
922 2168 1018 2233 iidem
1033 2181 1147 2233 motus.
1186 2168 1343 2234 Accusata
1354 2172 1423 2258 qui-

165 2359 201 2422 (“)
220 2363 234 2389 '
256 2362 372 2414 dirimet,-
401 2377 475 2421 steorte
495 2363 599 2423 deinceps
622 2363 756 2410 movebitur.
793 2359 828 2406 mi
838 2360 862 2407 in
874 2375 912 2407 ess
922 2369 998 2421 portes
1008 2359 1121 2422 sliquotss
1132 2359 1204 2408 dividi
1215 2361 1365 2424 possintque
1375 2362 1423 2410 sint

133 2423 314 2482 Quamprimum
325 2423 758 2485 lineolupbpsicssysdlocurnsuum
793 2424 931 2471 intercessi
942 2424 1076 2479 unisonum,
1092 2434 1134 2471 sut
1148 2423 1213 2485 quod
1229 2425 1290 2470 idem
1308 2435 1350 2482 est,
1366 2441 1420 2488 quse

130 2489 232 2547 primum
243 2485 341 2541 redierit,
360 2487 432 2546 ipsius
443 2487 550 2534 velociter
561 2503 631 2549 quem
643 2488 756 2545 ordinate,
793 2487 932 2534 vibrationes
942 2488 1075 2534 isocbronus
1085 2497 1204 2549 peragant,
1215 2488 1330 2534 ethorum
1339 2504 1421 2536 nervo-

130 2551 182 2605 mi,
201 2565 292 2609 semper
308 2551 403 2610 exponit
419 2552 504 2612 (Prop
521 2547 685 2598 XXXVIII.
706 2552 759 2600 Lib.
794 2566 847 2597 rum
864 2566 927 2597 unus
942 2551 1047 2610 pulsetur
1062 2565 1192 2612 sonumque
1211 2550 1272 2609 edat,
1293 2553 1356 2598 nervi
1372 2552 1421 2601 duo

134 2614 169 2673 1.)
189 2615 339 2675 extinguetur
346 2632 354 2671 ;
377 2623 401 2661 et
419 2614 523 2676 ejusdem
546 2613 638 2661 lineoioe
659 2615 762 2662 densiter
795 2615 879 2660 scsein
896 2625 972 2673 partes
987 2630 1041 2660 suus
1056 2613 1170 2675 sliquotus
1186 2614 1258 2660 ueluti
1274 2613 1377 2661 divident
1393 2627 1421 2664 ut

131 2678 212 2739 risque
230 2676 322 2724 elsstica
341 2678 422 2724 eodem
440 2678 483 2724 erit
499 2693 554 2724 cunr
570 2677 683 2726 densitste
698 2689 723 2726 et
738 2680 761 2726 ri
795 2676 825 2723 sd
838 2677 965 2724 unisonum
980 2677 1128 2724 rducsntnr.
1165 2678 1200 2725 Ut
1210 2678 1229 2723 si
1239 2678 1343 2739 ejusdem
1355 2681 1421 2727 nervi

130 2740 224 2788 eisstici
241 2741 312 2802 pertis
330 2741 353 2788 Ε
368 2742 391 2789 G
407 2741 478 2787 medii
489 2741 643 2803 quiescentis;
660 2741 761 2803 ideoque
794 2742 917 2801 capientur
932 2751 1008 2800 portes
1017 2740 1071 2787 dure
1081 2755 1181 2802 querum
1192 2741 1222 2787 sit
1233 2742 1291 2787 rstio
1302 2749 1317 2789 2
1327 2742 1384 2790 udo
1396 2754 1421 2792 et

129 2805 240 2866 quiescet,
259 2806 301 2852 bc.
337 2809 350 2836 ⁸
366 2804 396 2852 Id
415 2804 489 2866 liquet
504 2819 532 2851 ex
545 2820 568 2851 n.
583 2806 621 2852 101
636 2805 761 2853 additionis
793 2804 1057 2866 equolitertendsntur,
1070 2804 1420 2865 eltersquepsrspulsetur,di·

130 2880 216 2915 nostrre
227 2868 256 2915 de
269 2868 376 2915 Motibus
389 2869 413 2914 in
428 2867 514 2914 Fluido
526 2867 630 2915 Electico
643 2870 741 2917 Genitis.
793 2867 885 2914 ridetur
895 2868 971 2914 minor
982 2883 1066 2915 nervus
1077 2868 1101 2913 in
1111 2877 1186 2927 partes
1196 2869 1261 2923 dues,
1274 2878 1298 2915 et
1309 2871 1383 2932 msjor
1393 2871 1419 2918 in

163 2937 218 2979 316.
240 2931 278 2979 Ex
291 2932 326 2978 his
336 2931 476 2995 intelligitur
492 2930 612 2993 quomodo
628 2948 669 2992 per
684 2933 759 2980 vibre-
793 2941 868 2991 portes
878 2941 925 2978 tres
935 2931 1035 2993 equales
1046 2946 1098 2992 quus
1109 2931 1208 2993 ungulus
1218 2932 1312 2978 seorsim
1327 2934 1419 2981 oscille-

129 2996 204 3042 tiones
214 2995 761 3056 isochronsscorporisresonsutisproducsntur
793 2995 889 3041 buntur.
925 2995 988 3042 Num
1006 2996 1096 3041 brevior
1114 3009 1198 3041 nervus
1214 2994 1314 3042 duonum
1335 3012 1419 3059 nempe

129 3059 154 3104 in
167 3059 218 3106 edre
233 3060 315 3119 pulsus
330 3060 416 3121 quibus
427 3058 456 3105 sd
468 3073 549 3106 suretn
566 3059 674 3118 rppulsIs,
692 3060 719 3107 tit
735 3061 760 3107 in
793 3058 902 3117 pmiun,
919 3067 954 3106 ter
964 3058 1091 3105 oscilisndo
1101 3058 1158 3105 dum
1169 3073 1254 3105 nervus
1263 3059 1355 3122 longior
1365 3077 1418 3120 per.

129 3124 196 3169 nobis
206 3123 323 3182 perceptio
334 3122 392 3179 soni,
410 3131 435 3169 et
445 3137 487 3170 cur
497 3121 558 3179 soni,
575 3133 677 3170 cessante
693 3134 759 3171 motu
792 3121 852 3168 tium
864 3122 942 3177 trium,
954 3122 1013 3168 dues
1023 3122 1177 3169 oscillationes
1187 3122 1284 3170 obsolvit
1292 3125 1362 3187 (306)
1370 3125 1418 3172 irs.

129 3185 230 3232 tremulo
241 3186 343 3247 corporis
353 3187 438 3242 sonori,
450 3187 527 3233 stetim
539 3197 636 3233 cessent
672 3187 760 3250 Liquet
791 3185 923 3246 quentiures
933 3187 957 3231 in
969 3186 1021 3232 s'ere
1029 3186 1111 3245 pulsus
1120 3185 1203 3233 excitet
1211 3201 1311 3248 quorum
1322 3203 1417 3237 recursu

130 3249 200 3296 etism
211 3260 278 3295 tonos
288 3266 303 3296 s
314 3264 413 3296 numero
423 3249 535 3309 pulsuum
546 3250 587 3311 qui
599 3250 624 3296 in
635 3251 688 3297 s'ciru
698 3263 757 3297 tem·
791 3263 876 3295 ncrrus
892 3249 984 3311 longior
999 3248 1068 3295 citius
1082 3247 1153 3311 quim
1165 3265 1207 3309 per
1217 3262 1251 3296 est
1261 3251 1376 3312 sgituture
1392 3263 1417 3301 et

129 3327 186 3372 pore
201 3313 257 3359 dcto
272 3314 410 3369 excitantur,
429 3312 537 3373 pendere,
556 3312 612 3361 cum
633 3316 686 3376 (per
703 3315 757 3364 Cor.
791 3327 846 3358 cum
866 3312 986 3375 utriusque
1001 3313 1065 3359 nervi
1081 3313 1272 3374 sdrisqnemotus
1288 3329 1416 3376 congruere

132 3376 202 3435 Prop.
216 3376 298 3438 hujus)
315 3390 429 3422 numerus
442 3376 554 3436 pulsuum
566 3377 662 3439 equalis
672 3377 702 3424 sit
712 3393 757 3424 nu·
791 3389 839 3422 non
850 3376 938 3435 possint
949 3376 992 3422 nisi
1003 3376 1102 3439 singule
1114 3391 1236 3423 nervorum
1244 3378 1416 3441 pertessliquo-

128 3454 194 3486 mero
205 3439 360 3485 ribrntionum
371 3455 400 3486 er
413 3440 448 3486 itu
459 3449 484 3486 et
494 3439 570 3486 reditu
577 3441 758 3500 compositurum
791 3447 821 3485 ιε
840 3449 864 3486 et
881 3440 981 3501 tequsles
998 3441 1092 3487 seorsim
1111 3439 1253 3498 oscillentur,
1274 3451 1355 3488 motus
1374 3443 1415 3491 iile

128 3519 187 3564 quas
197 3502 283 3549 chorda
293 3504 383 3549 musice
399 3503 496 3564 peregit,
513 3513 538 3549 et
552 3506 582 3550 sb
598 3505 643 3549 isto
659 3518 758 3552 numeru
790 3503 924 3562 conspirans
937 3513 984 3551 torn
996 3505 1020 3549 in
1032 3503 1106 3550 nervis
1122 3502 1193 3565 qudm
1209 3504 1233 3550 in
1250 3503 1302 3550 siire
1318 3505 1414 3554 tendens

128 3577 238 3613 tonorum
250 3566 368 3613 diversitos
378 3567 466 3613 orietur
477 3567 556 3629 (³08).
789 3567 933 3627 producitur.
968 3568 1002 3614 Et
1022 3568 1074 3613 brec
1094 3566 1189 3627 quidem
1207 3566 1232 3613 in
1251 3568 1415 3627 experimentis

161 3635 216 3678 317.
238 3630 305 3678 Putet
313 3631 383 3676 etism
392 3630 511 3691 quomodo
518 3630 577 3677 s‘e'ris
582 3630 664 3690 pulsus
671 3646 757 3679 sonum
789 3630 884 3676 musicis
895 3629 927 3676 itu
939 3631 1074 3691 contingere
1084 3633 1234 3677 observarunt
1244 3631 1314 3679 Josn.
1329 3633 1413 3682 wallis

127 3704 273 3741 ettremores
284 3694 308 3739 in
320 3694 372 3740 eliis
383 3695 518 3754 corporibus
527 3694 633 3741 unitonis
643 3705 685 3742 sut
700 3710 756 3742 oon.
791 3693 896 3753 Operum
908 3694 932 3741 in
943 3695 982 3740 iol.
998 3694 1067 3741 Totu-
1083 3694 1119 3741 11.
1133 3709 1186 3755 ρας.
1200 3699 1254 3741 466.
1285 3693 1414 3745 Etdeinde

128 3758 264 3804 sonantibus
274 3773 351 3804 creste
362 3759 458 3818 poss'nt.
494 3758 557 3804 Num
568 3757 622 3804 cium
634 3759 692 3804 detis
703 3760 756 3818 pul·
791 3758 909 3804 Acusticoe
927 3760 1067 3805 intuuntur
1086 3758 1119 3805 D.
1135 3758 1240 3804 Suuveur
1255 3757 1280 3804 in
1301 3759 1410 3808 bionum.

127 3837 167 3868 sus
178 3823 201 3867 in
215 3836 311 3869 nervum
322 3822 439 3868 musicum
448 3821 544 3869 incurrit
555 3822 595 3883 qui
604 3823 755 3871 vibmtionetn
790 3821 865 3868 Acsd.
882 3821 953 3868 Poris.
967 3836 1004 3868 sn.
1021 3827 1089 3869 1701.
1102 3821 1142 3868 ιι1ιὶ
1153 3821 1199 3868 siis
1208 3822 1366 3881 experimenta
1375 3839 1413 3872 re·

127 3901 199 3933 unum
211 3901 239 3932 es
251 3885 285 3932 itu
297 3885 407 3932 etreditu
420 3885 572 3946 conspositsm
584 3885 701 3932 absolvere
715 3902 754 3946 sp-
787 3883 833 3932 sert
851 3901 904 3947 quse
919 3901 947 3932 es
964 3885 1079 3945 predictis
1089 3884 1157 3932 iscile
1173 3895 1269 3945 possum
1288 3887 1412 3948 explicsri;

127 3958 166 3994 tus
182 3949 218 4003 sit,
239 3965 268 3995 eo
286 3958 390 4008 tompore
409 3963 457 4010 quo
471 3950 554 4009 pulsus
565 3964 631 3996 susm
643 3953 755 4008 percurrit
789 3953 803 3978 ⁸
815 3958 838 3995 et
849 3950 903 3996 inde
918 3949 1096 4012 ingeniosissimi
1112 3949 1241 4009 systematis
1256 3949 1286 3997 de
1302 3960 1410 3998 tonorum

127 4010 283 4065 latitudinem,
295 4024 455 4060 commoretur
463 4028 548 4060 nervus
557 4023 582 4059 et
591 4013 766 4073 osciilsturper·
787 4011 938 4072 productione
954 4023 979 4060 et
994 4011 1116 4059 hermonii
1133 4012 1285 4060 fundaments
1301 4012 1412 4063 derivavit

126 4077 754 4140 exiguumlicetspntiumesrecurrentibusnotisetqne
787 4075 819 4122 ill.
837 4076 867 4123 de
883 4077 977 4124 Msimn
999 4077 1063 4123 omni
1080 4075 1150 4123 laude
1168 4076 1278 4135 superior,
1301 4076 1364 4138 quod
1380 4078 1411 4126 sd

126 4141 312 4201 conspirantibus
332 4142 390 4187 siiris
410 4142 518 4201 pulsibus
538 4140 636 4187 celerius
653 4151 754 4202 egrtstur
786 4141 875 4199 prsxirn
896 4139 1029 4187 felicissimi
1046 4139 1161 4187 revomit
1177 4139 1212 4185 rIr
1229 4140 1290 4187 inter
1308 4141 1411 4190 auditos

126 4219 258 4266 sonumque
268 4204 349 4251 reddit.
387 4206 420 4251 At
430 4205 449 4250 si
460 4220 546 4252 nervus
555 4205 692 4252 vibrationes
699 4220 754 4252 rues
788 4203 895 4263 Orpheos
905 4203 1073 4250 illustrissimus
1085 4205 1118 4252 D.
1134 4205 1247 4251 Runesu.

125 4268 228 4331 integrus
238 4284 278 4315 seu
291 4283 318 4314 ex
329 4269 362 4314 itu
375 4281 399 4315 ct
409 4267 485 4315 reditu
496 4269 634 4328 compositus
644 4268 753 4328 perficere
818 4268 852 4329 (ο)
866 4272 879 4299 ⁸
892 4270 974 4317 Erunt
984 4278 1012 4315 stt
1023 4270 1090 4315 iidem
1099 4277 1183 4316 motus.
1212 4268 1296 4315 Motus
1306 4267 1368 4315 enirn
1375 4269 1409 4317 1111

125 4342 226 4393 nequest
244 4348 292 4393 quo
310 4341 413 4391 tempore
431 4332 513 4391 pulsus
531 4332 589 4379 s'eris
605 4332 752 4379 latitudinem
785 4342 841 4379 sunt
851 4331 887 4378 vel
899 4346 974 4378 csusoe
984 4331 1021 4378 rel
1032 4332 1129 4378 effectus
1144 4333 1306 4379 connectionis
1316 4342 1340 4378 et
1350 4332 1409 4381 dils-

125 4411 191 4442 sunm
204 4396 318 4451 describit,
337 4396 408 4456 possit
424 4406 502 4442 temen
514 4397 537 4441 in
549 4407 625 4456 portes
640 4396 753 4458 aliquotas
785 4396 878 4442 tutionis
895 4395 996 4456 panium
1012 4394 1036 4440 in
1053 4395 1159 4454 pulsibus
1169 4394 1406 4456 correspondentiam.

125 4460 261 4521 hujusmodi
275 4459 440 4506 vibretionibus
451 4460 588 4520 peragendis
595 4460 752 4519 optssdividi;
788 4459 849 4506 Haec
859 4469 937 4506 tomen
949 4459 1067 4518 proportio
1083 4468 1189 4506 securata
1199 4474 1246 4505 nun
1258 4469 1299 4513 est,
1317 4460 1336 4506 si
1352 4476 1408 4508 con·

125 4534 202 4583 partes
224 4523 278 4578 ilie,
301 4523 473 4584 quiescentibus
493 4524 633 4569 divisionum
652 4526 752 4583 punctis,
785 4523 1408 4587 tructionesetdilstsuonessintrsideintensonquesn.

124 4597 281 4648 congruenter
291 4588 320 4633 ed
332 4587 444 4648 pulsuum
455 4601 574 4634 recursum
586 4587 670 4633 sensim
680 4588 753 4649 agite·
785 4587 913 4634 edmodum
929 4586 948 4633 si
964 4585 1050 4632 chorda
1065 4587 1152 4633 musica
1170 4587 1241 4634 nimii
1257 4587 1279 4633 si
1295 4589 1408 4648 pulsetur,

125 4651 222 4706 buntur,
235 4651 418 4713 vibmtionerque
428 4666 547 4698 mercum
558 4651 664 4710 pulsibus
674 4651 753 4697 uniso·
786 4651 821 4696 ris
838 4651 922 4696 morri:
940 4651 1107 4710 perticulerum
1124 4651 1176 4713 cjur
1192 4667 1240 4698 non
1256 4661 1292 4699 est
1309 4654 1409 4714 emplius

124 4729 166 4762 uss
177 4714 278 4778 singulte
288 4714 415 4776 perficient.
445 4715 469 4763 si
480 4714 534 4762 veni
543 4715 607 4763 nerui
617 4717 667 4762 duo
676 4715 753 4775 prosi·
785 4714 960 4776 proportiunffis
973 4713 1053 4777 spetiis
1067 4729 1108 4776 per
1122 4730 1177 4777 que
1191 4715 1259 4765 debet
1274 4718 1369 4776 moseri,
1385 4726 1410 4766 et
