3098 5534
45 354 329 438 matamorus]
380 353 623 423 PRINCIPIA
645 353 1018 426 MATHEMATICA.
1308 375 1349 433 89

43 552 127 615 pora
149 531 211 596 sibi
229 544 342 596 mutuo
360 529 479 596 directe
502 529 718 608 occurrebant,
743 530 879 617 aequales
904 553 971 596 esse
995 531 1181 596 mutationes
1205 541 1349 594 motuum

44 637 234 722 corporibus
247 639 281 700 in
295 649 401 723 partes
412 637 584 701 contrarias
597 636 702 714 itata,
723 649 816 721 atque
835 637 907 700 ideo
932 636 1086 701 actionem
1101 650 1133 701 et
1156 637 1346 701 reactionem

45 766 171 828 semper
185 767 252 808 esse
265 743 410 830 aequales.
456 743 504 808 Ut
517 743 543 806 si
557 764 670 826 corpus
687 741 884 807 Aincidebat
895 743 928 806 in
942 765 1055 828 corpus
1068 744 1265 830 Bquiescens
1274 766 1346 807 cum

47 873 161 915 novem
175 850 319 936 partibus
333 861 445 928 motus,
466 861 498 912 et
511 849 630 913 amissis
644 861 762 932 septem
772 849 913 932 partibus
926 850 1078 937 pergebat
1101 860 1173 934 post
1196 850 1342 915 reflexio-
1456 926 1457 930 Ἰ

48 982 121 1023 nem
135 981 209 1022 cum
224 957 360 1034 duabus3
383 979 495 1042 corpus
511 957 540 1022 B
554 955 710 1020 resiliebat
724 977 795 1021 cum
809 956 949 1039 partibus
963 956 1028 1021 istis
1043 968 1170 1041 septem.
1216 957 1251 1022 Si
1274 979 1344 1020 cor-

47 1089 126 1152 pora
139 1064 268 1130 obviam
282 1064 381 1142 ibant,
398 1065 430 1130 A
444 1085 517 1127 cum
531 1062 697 1127 duodecim
711 1063 850 1146 partibus
864 1075 896 1127 et
912 1062 940 1127 B
955 1085 1027 1128 cum
1042 1085 1106 1142 sex,
1123 1076 1155 1127 et
1167 1063 1290 1127 redibat
1311 1067 1342 1129 A

50 1195 119 1236 cum
134 1171 272 1247 dualnrs3
295 1169 418 1234 redibat
434 1170 546 1234 Bcum
560 1180 642 1246 octo,
658 1166 738 1232 facti
752 1167 944 1236 detractione
957 1170 1093 1253 partium
1108 1170 1343 1255 quatuordecim
1440 1221 1441 1224 η

50 1281 205 1365 utrinque.
250 1278 304 1343 De
318 1288 407 1340 motu
421 1277 516 1361 ipsius
532 1277 561 1339 A
574 1275 785 1341 subducantur
799 1287 903 1360 partes
916 1275 1083 1341 duodecim
1098 1288 1129 1341 et
1154 1277 1281 1340 restabit
1295 1279 1343 1340 ni-

50 1387 105 1450 hil:
140 1384 358 1449 subducantur
383 1383 453 1446 aliae
477 1393 582 1467 partes
610 1381 693 1460 dua,
718 1395 750 1448 ct
774 1383 829 1447 fiet
852 1393 956 1448 motus
990 1382 1123 1448 duarum
1145 1383 1280 1468 partium
1309 1384 1342 1447 in

51 1494 174 1580 plagam
190 1489 398 1554 annuariam:
422 1500 454 1552 et
474 1489 518 1552 sic
532 1488 572 1552 de
590 1501 678 1553 motu
701 1489 840 1573 corporis
866 1489 895 1553 B
919 1488 1055 1574 partium
1069 1512 1126 1554 sex
1141 1489 1343 1554 subducendo

52 1613 151 1685 partes
166 1596 418 1684 quatuordecim,
443 1595 520 1659 fient
545 1607 648 1680 partes
667 1607 740 1659 octo
754 1595 787 1658 in
808 1595 933 1683 plagam
947 1597 1144 1661 contrariam.
1194 1596 1292 1673 Quod
1318 1597 1344 1660 si

54 1728 183 1791 corpora
196 1704 286 1768 ibant
299 1703 340 1767 ad
349 1701 480 1766 eandem
494 1702 630 1789 plagam,
647 1703 679 1768 A
692 1700 829 1766 velocius
843 1723 915 1766 curn
938 1703 1077 1786 partibus
1096 1703 1341 1790 quatuordecim,

55 1826 82 1878 et
95 1814 123 1878 B
142 1811 265 1875 tardius
278 1831 351 1874 cum
364 1808 504 1894 partibus
519 1809 724 1895 quinque,··et
737 1821 808 1893 post
829 1810 1029 1874 reflexionem
1050 1812 1202 1898 pergebat
1215 1813 1244 1875 A
1271 1834 1342 1875 cum
1367 1818 1374 1833 ⁸

56 1921 187 2006 quinque
200 1916 363 2002 partibus;
385 1915 536 2004 pergebat
562 1915 592 1980 B
606 1937 678 1980 cum
692 1916 935 2002 quatuordecim,
961 1917 1043 1982 facta
1057 1917 1257 1989 translatione
1270 1941 1343 2003 par·
1390 1988 1392 1995 ,

57 2028 126 2090 timu
139 2046 259 2089 novem
268 2023 310 2087 de
324 2024 355 2088 A
367 2022 400 2086 in
417 2023 456 2088 Β.
501 2022 544 2087 Et
558 2022 602 2086 sic
616 2022 649 2085 in
663 2023 797 2110 reliquis.
843 2025 873 2087 A
885 2046 1051 2111 congressu
1062 2037 1094 2089 et
1103 2025 1262 2095 collisione
1273 2049 1342 2090 cor·

58 2155 161 2219 porum
175 2152 340 2217 nunquam
349 2129 528 2194 mutabatur
541 2130 695 2215 quantitas
708 2147 821 2208 motus,
835 2153 907 2216 quoe
921 2153 961 2197 ex
976 2129 1096 2194 summai
1110 2144 1253 2200 motuum
1267 2154 1343 2197 con-

61 2241 234 2325 pirantiimi
249 2250 281 2302 et
294 2235 468 2302 differentia
484 2222 711 2301 contrariorum
725 2237 938 2326 colligebatur.
993 2238 1076 2306 Nam
1091 2260 1228 2303 errorem
1252 2239 1342 2328 digiti

62 2347 138 2411 mins
152 2344 324 2411 etalterius
336 2343 371 2406 in
386 2343 536 2407 mensuris
558 2343 720 2408 tribuerim
734 2343 907 2408 difficultati
930 2343 1100 2431 peragendi
1126 2344 1248 2433 singula
1270 2346 1343 2409 satis

63 2451 201 2519 adunate.
247 2450 385 2518 Difficile
399 2461 474 2528 erat,
490 2460 557 2514 tum
570 2448 708 2534 pendula
722 2449 813 2515 simul
827 2449 990 2517 demittere
1004 2450 1057 2528 sic,
1074 2462 1108 2515 ut
1117 2472 1250 2536 corpora
1264 2452 1296 2515 in
1308 2475 1341 2516 se

64 2573 157 2627 numo
171 2556 385 2645 impingerent
399 2556 432 2620 in
446 2557 518 2621 loco
544 2557 655 2632 infimo
672 2557 701 2620 A
719 2557 762 2634 B3
783 2568 851 2621 tum
875 2556 983 2636 locas,
1010 2558 1033 2621 k
1057 2568 1176 2637 notare,
1204 2557 1245 2622 ad
1270 2581 1342 2645 quae

65 2674 182 2756 corpora
195 2664 405 2732 ascendebant
419 2677 490 2748 post
503 2685 696 2728 concursum.
743 2663 806 2729 Sed
820 2675 852 2728 et
864 2665 898 2727 in
912 2664 987 2750 ipsis
1001 2665 1182 2749 corporibus
1196 2663 1341 2750 pendulis

66 2774 209 2864 inaequalis
223 2773 361 2859 partium
376 2770 522 2850 densitas,
538 2781 570 2836 et
582 2782 708 2842 textura
721 2770 788 2836 aliis
797 2769 946 2838 decausis
956 2770 1144 2859 irregularis,
1160 2792 1281 2840 errores
1292 2771 1341 2839 in-

69 2883 217 2950 ducebant
732 2926 738 2941 .

100 2992 195 3057 Porro
208 3012 251 3055 ne
266 2989 336 3076 quis
350 2988 476 3075 obiciat
489 2988 640 3077 regulam,
657 2989 698 3054 ad
712 3012 807 3077 quam
819 2990 1015 3077 probandam
1038 2984 1199 3055 inventum
1214 3004 1262 3055 est
1278 2991 1341 3055 hoc

72 3099 311 3182 experimentum,
326 3117 570 3181 praesupponere
585 3118 717 3182 corpora
731 3097 780 3161 vel
803 3096 944 3162 absolute
963 3097 1043 3163 dura
1057 3120 1135 3175 esse,
1162 3096 1211 3163 vel
1231 3097 1343 3161 saltem

72 3202 183 3285 perfecte
197 3202 336 3280 eleaticis,
352 3201 528 3290 cujusmodi
542 3203 630 3267 nulla
644 3205 843 3288 reperiuntur
856 3204 890 3269 in
901 3203 1177 3299 compositionibim
1191 3204 1343 3268 naturali·
1453 3270 1454 3273 ,

74 3307 128 3388 buu
148 3311 188 3398 (θ)
203 3309 290 3374 addo
304 3308 390 3396 quod
416 3310 631 3394 experimenta
647 3311 715 3396 jam
730 3310 886 3397 descripta
908 3311 1079 3376 succedunt
1101 3309 1134 3373 in
1159 3310 1343 3395 corporibus

74 3417 195 3483 molibus
209 3438 301 3503 aeqne
316 3438 354 3480 ac
370 3415 404 3479 in
418 3415 516 3494 duris,
532 3417 680 3480 nimirum
695 3441 714 3481 a
728 3418 905 3483 conditione
919 3418 1045 3482 duritiei
1069 3418 1250 3503 neutiquam
1264 3439 1343 3502 pen·

75 3524 164 3592 mutia
209 3525 295 3591 Nam
309 3524 336 3589 si
351 3524 460 3612 regula
472 3525 527 3589 illa
540 3525 574 3588 in
589 3527 771 3610 corporibus
790 3550 855 3591 non
868 3524 1005 3612 perfecte
1019 3523 1106 3589 duris
1121 3522 1271 3589 tentanda
1285 3536 1342 3602 est,
1392 3572 1394 3577 .

71 3685 249 3750 bsQamtur
257 3688 388 3738 meaassird
397 3689 565 3739 retardationes
575 3690 680 3746 meandi,
713 3649 830 3740 correctus
837 3690 868 3740 ad
878 3706 950 3755 quem
960 3704 1045 3751 corpus
1053 3689 1089 3746 A,
1102 3686 1195 3738 sublati
1207 3687 1266 3735 a‘e'ris
1276 3679 1346 3735 isati

74 3759 124 3816 aui,
132 3757 237 3821 mandre
245 3769 313 3802 arcus
323 3753 407 3801 eidem
415 3754 516 3812 ratione3
528 3769 596 3802 arcus
603 3767 683 3803 sutem
714 3756 788 3804 tentid
798 3755 922 3805 ascendere
930 3755 1047 3802 debuisset
1056 3766 1131 3811 {nam
1142 3766 1228 3814 corpus
1240 3751 1271 3805 A.
1284 3765 1313 3798 er
1325 3763 1345 3810 t,

74 3817 450 3881 mamanensi,
458 3817 553 3879 dempta
572 3819 579 3832 ⁰
611 3828 683 3867 rater-
715 3821 740 3868 in
751 3819 830 3867 medio
848 3834 897 3867 non
908 3819 1028 3866 resistente
1039 3815 1190 3874 descasdem,
1206 3816 1233 3862 in
1254 3824 1344 3876 puncto

74 3881 388 3933 bb‘mebzx'l'ertiusarcus
426 3834 683 3945 ualissecuneddldemp-
715 3884 798 3932 intimo
861 3898 913 3931 eam
929 3884 1024 3930 haberet
1041 3881 1187 3928 velocitatem
1203 3877 1251 3942 qud
1266 3888 1344 3939 posset

73 3947 139 4011 tie'ya
148 3947 311 4003 retardatione,
327 3958 351 3993 et
365 3898 526 4008 sicaedeincaps,
537 3962 619 3994 omnes
629 3946 683 3994 rard
715 3963 798 3996 arcum
810 3950 833 3996 A
846 3956 861 4000 t.
878 3945 1025 3994 ascendendo
1040 3943 1170 3992 desmibere
1187 3941 1249 4009 (at),
1261 3951 1286 3990 et
1295 3942 1343 4004 qud

73 4010 107 4059 ils
114 4011 277 4061 mrdstiones
287 4010 359 4057 simul
370 4019 470 4072 sumpta
476 4013 631 4073 aquabantur
641 4011 685 4059 toti
717 4015 748 4061 ob
758 4013 816 4059 a'e'ris
827 4010 987 4064 resistentiam,
1005 4008 1099 4056 nouam
1109 4021 1190 4054 arcum
1212 4006 1233 4053 A
1246 4020 1263 4061 s,
1287 4005 1342 4070 (9⁴)

71 4076 199 4125 masan
209 4076 234 4123 n
244 4074 317 4122 Vseu
326 4075 379 4132 tb;
389 4073 452 4121 unde
460 4074 486 4122 a
493 4074 683 4138 aquatioexqud
715 4085 866 4138 percurreret,
874 4072 931 4138 ergd
939 4089 995 4122 cum
1002 4081 1055 4134 post
1064 4071 1215 4118 reflexionem
1234 4070 1345 4118 ascendat

71 4140 195 4189 niam
213 4139 275 4196 SA,
286 4138 683 4200 sanamiinebiaepenpproxi-
715 4141 746 4189 ad
757 4155 775 4196 s,
787 4155 839 4187 eam
849 4138 957 4187 hebetia
969 4136 1154 4190 Avalocitatem,
1166 4133 1250 4197 quiin
1265 4134 1345 4183 aredio

70 4237 180 4286 m
194 4234 526 4297 maratana
539 4198 684 4325 ¹2‚¹’-‚s.
715 4197 1347 4333 egegpffiggfflffimm

70 4344 218 4406 munus
231 4342 256 4390 R
269 4341 286 4389 8
297 4338 488 4403 aqualisquartae
498 4335 558 4399 parti
567 4351 622 4383 eum
632 4335 685 4399 ejus
715 4331 742 4380 in
752 4332 887 4393 corporibus
903 4330 1014 4378 mollibus
1024 4337 1048 4376 at
1058 4343 1107 4374 non
1118 4325 1218 4374 eleaticis
1236 4326 1304 4389 aqud
1318 4343 1346 4376 ac

70 4410 146 4457 mise
161 4407 237 4456 rodus
253 4403 414 4453 mutilationis
426 4399 452 4451 R
463 4404 493 4457 V,
510 4399 634 4448 retardatio
643 4414 685 4461 per
716 4397 743 4444 in
753 4396 819 4443 duris
829 4405 853 4443 et
863 4394 968 4448 eleaticis.
981 4403 1009 4440 at
1018 4390 1073 4453 pote
1081 4406 1096 4437 a
1105 4390 1241 4438 conditione
1251 4391 1346 4440 duritiei

70 4485 133 4520 rema
144 4473 162 4522 8
175 4473 198 4520 A
216 4469 262 4518 erit
272 4468 370 4532 aqualis
381 4469 399 4516 S
410 4467 532 4530 Tquartae
542 4464 603 4525 parti
613 4463 687 4511 totius
717 4470 741 4508 et
753 4459 902 4512 elasdcitatis,
914 4458 955 4505 sed
966 4457 1097 4505 tantumab
1107 4455 1206 4502 actionis
1217 4456 1345 4504 structio-

70 4536 211 4585 &dationis
220 4534 287 4591 RV,
294 4529 470 4595 ‘rlsdquecsdat
477 4545 563 4591 corpus
571 4543 600 4576 ax
608 4542 684 4588 punc.
715 4525 753 4572 nis
764 4524 897 4588 equalitate
907 4531 931 4569 et
940 4520 1086 4582 oppositione
1096 4519 1234 4580 pendentia3
1259 4535 1315 4567 nam
1326 4520 1345 4568 si

70 4601 174 4666 ”bajus
190 4598 303 4648 celeritas
319 4598 346 4645 in
364 4598 387 4644 A
405 4595 486 4644 eadem
502 4592 597 4642 estsine
608 4607 686 4640 errare
716 4588 799 4652 regala
814 4587 891 4634 illsin
910 4584 1045 4647 corporibus
1065 4599 1114 4630 non
1125 4581 1227 4644 perfecte
1248 4583 1348 4631 elasticis

71 4663 269 4720 &sedin
280 4675 356 4709 vacuo
365 4659 489 4709 decidisset
499 4674 529 4706 ex
541 4658 571 4706 Τ.
719 4648 1071 4709 maundaest'ntexipaorum
1079 4645 1348 4696 motibussmdconflie·

94 4730 122 4792 (θ)
135 4735 172 4782 95.
191 4740 209 4786 t.
229 4726 286 4795 (dg.
308 4723 409 4787 Neue),
427 4725 472 4773 erit
490 4723 558 4773 locus
574 4736 643 4770 verus
663 4728 688 4768 et
719 4726 773 4767 tum
783 4716 933 4764 inveniantur
943 4723 1022 4763 motus
1031 4722 1085 4776 post
1101 4711 1243 4771 conflictam,
1255 4710 1348 4760 debebit

680 4802 728 4851 CA
