3098 5534
184 371 239 435 xvi
746 366 975 437 aulrorus

226 541 300 607 Jem
312 540 393 606 illud
407 540 539 607 concedi
552 560 679 630 equum
690 551 749 621 est,
771 540 861 628 quod
883 539 1111 606 mathematicis
1125 540 1301 607 rationibus
1322 541 1484 631 cdligitur

183 664 216 720 st
228 653 401 719 certissime
415 652 665 730 demonstratum
687 672 823 739 corpora
831 673 948 737 nempe
957 651 1074 731 omnia,
1089 673 1161 738 quae
1171 662 1338 719 moventur
1352 650 1387 715 in
1400 651 1485 719 linet

182 760 288 848 aliqud
303 759 400 826 curvi
414 758 449 825 in
461 759 559 845 plano
572 759 740 846 descripti,
756 781 891 849 queque
904 760 995 825 radio
1009 760 1105 826 ducto
1119 760 1161 824 ad
1180 771 1336 846 punctum
1349 759 1404 825 vel·
1415 760 1487 848 qui·

183 890 292 935 esoenr
306 868 358 934 vel
374 881 546 956 utcumque
562 880 685 934 motum
706 868 890 935 describunt
903 890 992 934 areos
1003 869 1087 934 circa
1097 880 1253 955 punctum
1267 867 1347 933 illud
1362 880 1487 954 tempo·

182 978 271 1043 ribus
284 977 549 1063 proportionales,
572 979 679 1067 urgeri
702 1002 723 1043 a
748 978 867 1044 viribus
892 1002 965 1067 quae
991 979 1033 1044 ad
1055 979 1142 1045 idem
1166 992 1320 1065 punctum
1343 979 1485 1047 tendent.

184 1087 271 1153 cum
284 1089 382 1179 igitur
395 1091 430 1154 in
450 1089 596 1155 confesso
610 1089 652 1154 sit
671 1089 757 1175 apud
780 1101 988 1168 astronomos,
1010 1089 1153 1175 planetas
1174 1088 1341 1174 primarios
1365 1086 1488 1153 circrlm

181 1200 291 1279 solem,
315 1200 517 1265 mcnndarioo
530 1198 609 1266 verb
623 1198 744 1267 αἰτουω
758 1222 832 1265 suos
849 1200 1027 1284 primarios,
1050 1220 1139 1263 areas
1161 1197 1340 1263 describere
1361 1208 1487 1283 tempo·

181 1308 269 1373 ribm
283 1308 554 1394 proportionales3
576 1329 776 1394 consequens
790 1322 889 1373 estut
903 1307 949 1372 ria
961 1307 1025 1385 illa,
1049 1306 1111 1392 qui
1125 1304 1280 1391 perpetub
1294 1304 1488 1393 detorquen-

181 1432 235 1482 tur
248 1437 270 1480 a
282 1416 487 1504 tangentibus
501 1415 671 1481 rectilineis
685 1429 718 1480 et
731 1416 766 1479 in
779 1415 890 1479 orbitis
905 1414 1083 1479 mrvilineis
1098 1414 1217 1479 revolvi
1231 1427 1399 1502 coguntur,
1415 1435 1486 1478 ver·

182 1546 236 1591 sus
248 1542 385 1611 corpore
398 1525 553 1613 dirigatur
567 1544 640 1612 quoe
654 1525 715 1589 sito
729 1525 851 1590 suntin
864 1525 1038 1591 orbitarum
1052 1524 1178 1589 centris.
1217 1523 1302 1589 Haec
1316 1524 1424 1610 itaque
1438 1525 1486 1599 vis,

166 1610 248 1697 'nou
261 1630 368 1718 inepte
382 1632 489 1697 vocari
499 1644 614 1717 potest,
626 1646 772 1717 respectu
787 1632 914 1719 quidem
923 1633 1066 1719 corporis
1076 1631 1274 1710 revolventis,
1288 1633 1486 1719 centripetet

180 1753 328 1825 respectu
342 1753 448 1805 autem
463 1739 605 1826 corporis
619 1739 776 1818 centu-elis,
798 1740 962 1807 attractivs
971 1764 981 1818 ς
1004 1739 1224 1828 etquicunque
1239 1738 1369 1805 demdm
1391 1738 1486 1807 causi

181 1854 257 1919 oriri
272 1850 424 1941 fingatur.

224 1961 314 2039 Quin
328 1972 362 2026 et
375 1959 445 2025 brec
459 1978 585 2047 quoque
599 1957 801 2023 concedenda
815 1970 898 2036 sunt,
921 1971 954 2024 et
967 1943 1187 2023 mathematice
1206 1956 1486 2029 demonstrantur.

183 2072 218 2140 Si
229 2091 365 2158 corpore
372 2072 466 2158 plura
474 2082 565 2135 motu
573 2068 970 2156 oequobilirerolvonturin
979 2067 1104 2131 circulis
1115 2066 1332 2144 concentricis,
1344 2065 1487 2154 etquod-

126 2202 129 2207 ·
179 2192 288 2247 rantra
301 2194 481 2267 temporum
494 2177 728 2264 periodioorum
742 2177 806 2242 sint
816 2189 851 2242 ut
865 2178 938 2242 cubi
953 2176 1172 2242 demntimum
1187 2199 1206 2241 a
1220 2191 1330 2241 centro
1341 2199 1486 2241 commu·

178 2290 233 2369 ni3
255 2290 337 2355 vines
352 2289 541 2375 centripetas
549 2286 778 2353 revolventium
785 2285 853 2351 lore
862 2285 1024 2371 reciproce
1039 2298 1075 2350 ut
1090 2285 1242 2371 quadrata
1253 2285 1484 2351 distantiarum.

178 2394 253 2475 Vel,
276 2398 304 2462 si
318 2416 454 2482 corpora
477 2394 679 2461 revolvantur
698 2393 731 2457 in
747 2394 856 2458 orbitis
870 2416 942 2481 quat
957 2405 1032 2459 sunt
1045 2393 1170 2457 circulis
1185 2393 1337 2472 finitinrm,
1362 2406 1396 2460 et
1414 2395 1486 2481 qui·

178 2508 286 2571 erasm
299 2506 474 2570 orbitarum
495 2503 619 2589 apsides
630 2527 639 2580 ;
662 2502 743 2568 vires
767 2505 957 2589 centripetas
978 2503 1207 2585 revolventium
1229 2503 1296 2569 sore
1317 2503 1484 2590 reciproce

180 2625 219 2677 ut
228 2613 383 2700 «quadrata
393 2612 621 2677 dumntiarum.
652 2609 807 2676 Obtinere
818 2604 924 2706 casum
935 2612 1120 2677 alterutrim
1135 2613 1169 2677 in
1183 2613 1317 2697 planetis
1329 2613 1484 2679 universis

181 2725 385 2788 consentiunt
398 2720 581 2786 astronomi.
626 2719 738 2806 Itaque
752 2720 833 2785 vires
847 2722 1030 2806 centripetae
1044 2721 1241 2805 planetarum
1252 2723 1396 2786 omnium
1410 2737 1485 2789 sunt

179 2832 342 2918 reciproce
356 2843 394 2896 ut
406 2830 561 2917 quadrata
575 2829 795 2895 distentionum
815 2831 857 2894 ab
879 2831 1006 2895 orbium
1029 2832 1153 2896 centris.
1200 2831 1236 2895 Si
1260 2833 1331 2918 quis
1357 2833 1485 2918 objiciat

177 2938 387 3025 planetarum,
411 2951 444 3002 et
454 2937 538 2999 lunoe
551 2936 738 3021 praesertim,
761 2937 886 3021 opsides
899 2958 965 3001 non
979 2937 1106 3023 penitis
1122 2940 1282 3025 quiescere
1289 2965 1300 3018 3
1316 2939 1380 3005 sed
1393 2953 1484 3006 motu

178 3046 317 3135 quodam
333 3046 420 3110 lento
438 3042 515 3108 ferri
537 3045 571 3107 in
586 3044 825 3131 consequentias
848 3046 1034 3130 responderi
1052 3059 1167 3131 potest,
1191 3048 1313 3112 etiamsi
1328 3048 1484 3115 conceda

177 3178 249 3222 mur
270 3156 356 3221 buno
380 3166 504 3217 motum
528 3152 743 3217 tardissimum
757 3152 872 3218 exinde
886 3155 1063 3239 profectum
1078 3178 1146 3220 esse
1162 3157 1248 3242 quod
1263 3158 1311 3222 vis
1326 3158 1483 3243 centripe·

178 3276 221 3328 tre
233 3261 398 3350 proportio
408 3261 535 3326 aberret
544 3259 742 3347 aliquantum
751 3283 771 3325 a
785 3261 963 3347 duplicem
986 3263 1215 3329 aberrationem
1226 3265 1313 3330 illam
1321 3289 1380 3352 per
1394 3289 1483 3331 oom-

176 3386 290 3460 putum
310 3370 568 3436 mathematicum
588 3371 724 3437 inveniri
745 3395 839 3458 posse
869 3388 901 3439 et
921 3374 1014 3459 plane
1045 3376 1258 3441 insensibilem
1280 3401 1357 3443 esse
1405 3378 1485 3462 Ipsa

177 3484 357 3549 enirnratio
383 3483 430 3547 vis
445 3483 630 3569 centripetae
652 3483 783 3562 lunaris,
807 3506 878 3570 qum
901 3485 1043 3549 omnium
1067 3484 1204 3550 maxime
1231 3487 1352 3551 turbari
1374 3485 1481 3567 debet,

176 3594 341 3681 paululum
355 3594 484 3680 quidem
497 3593 690 3678 duplicatam
704 3594 884 3679 superabit3
907 3594 949 3659 ad
971 3594 1053 3659 banc
1068 3616 1144 3659 vero
1167 3597 1332 3683 sexaginta
1352 3594 1419 3660 fere
1434 3595 1481 3660 vi·

178 3702 266 3767 cibus
281 3699 411 3786 propiis
431 3700 559 3765 accedet
584 3700 679 3788 quim
701 3701 742 3767 ad
767 3703 964 3787 triplicatam.
1012 3703 1076 3769 Sed
1102 3705 1206 3769 varim
1221 3706 1281 3770 erit
1304 3706 1481 3791 responsio,

177 3808 359 3878 sidicamns
373 3811 456 3875 hanc
470 3813 615 3897 apsidum
634 3813 899 3900 progressionem,
927 3835 991 3877 non
1007 3836 1049 3877 ex
1063 3814 1261 3879 aberratione
1275 3838 1295 3879 a
1320 3814 1481 3899 duplicati

111 3940 116 3953 ·
176 3925 390 4010 proportione,
414 3922 472 3988 red
482 3942 523 3986 ex
537 3923 598 3987 alib
612 3944 744 4009 prorsus
758 3921 880 3987 diversi
893 3922 986 3987 causi
999 3922 1084 4000 oriri,
1108 3923 1376 4010 quemadmodum
1390 3946 1482 4012 egre·

176 4032 229 4121 gie
244 4046 507 4098 commonstretur
521 4034 554 4096 in
573 4032 634 4097 bac
655 4032 864 4118 pbilosophis.
911 4034 1023 4098 Restat
1036 4054 1114 4121 ergo
1135 4047 1172 4097 ut
1186 4034 1267 4099 vires
1282 4034 1478 4119 centripetae,

177 4139 291 4227 quibus
304 4142 440 4227 planete
454 4140 597 4225 primarii
612 4139 747 4204 tendunt
760 4139 869 4205 vermis
884 4139 984 4204 solem
999 4153 1031 4204 et
1051 4141 1227 4207 secundarii
1241 4137 1351 4207 versis
1360 4143 1481 4227 prima·

176 4249 241 4316 rios
254 4272 338 4329 suos,
361 4255 424 4320 sint
437 4252 582 4319 accurate
597 4264 633 4317 ut
646 4252 800 4339 quadrata
813 4251 1032 4316 distmtiarum
1043 4252 1214 4338 reciproce.

223 4359 275 4424 Ex
296 4359 334 4424 iis
350 4382 420 4445 qum
436 4361 588 4426 hactenus
603 4361 688 4425 dicta
703 4372 785 4440 sunt,
802 4373 924 4425 constat
937 4360 1079 4446 planetm
1094 4362 1128 4425 in
1143 4361 1255 4427 orbitis
1270 4361 1335 4425 suis
1350 4362 1480 4429 retineri

176 4471 314 4554 pervim
337 4470 473 4558 aliquam
496 4472 530 4536 in
555 4473 641 4558 ipsos
655 4469 810 4556 perpetub
840 4484 1004 4559 agentem:
1027 4482 1150 4536 constat
1178 4471 1242 4535 vim
1270 4470 1357 4537 illam
1382 4472 1478 4561 dirigi

179 4602 303 4667 semper
316 4580 425 4647 versus
439 4584 613 4649 orbitsrmn
628 4595 751 4648 centro:
775 4593 897 4646 constat
910 4581 1004 4667 hujus
1019 4580 1187 4646 efficaciam
1202 4581 1311 4670 sugeri
1325 4581 1359 4646 in
1372 4603 1478 4649 acces·
