3098 5534
111 418 401 525 nausimus]
432 440 674 509 PRINCIPIA
696 432 1068 505 Maruuuarroa
1336 434 1399 499 197

108 617 312 708 quantitatem
333 613 523 700 imprimant,
549 623 581 675 ct
601 607 734 673 vicissim
757 612 828 693 (per
842 604 946 670 motlls
967 604 1071 692 legem
1092 600 1228 680 tertiam)
1244 595 1397 685 aequalem

107 733 147 796 ab
162 729 271 795 eidem
285 728 475 807 reactionem
488 723 655 810 patiantur,
670 720 732 785 hoc
743 731 799 796 est,
815 713 1183 804 aequaliterresiatantur:
1200 708 1397 772 manifestum

106 851 154 902 ast
168 837 261 902 etiam
276 834 361 922 quod
376 834 408 897 in
423 831 562 920 ejusdem
577 827 736 893 densitatis
749 825 853 890 fluidis
874 821 1017 898 elasticis,
1041 818 1096 883 ubi
1114 812 1306 882 velocissime
1327 832 1396 877 mo·

105 958 226 1024 ventur,
249 944 384 1030 aequales
400 942 462 1006 sint
475 961 584 1005 eorum
602 934 785 1002 resistentia
806 953 900 1018 quam
914 926 1074 1015 proximd3
1097 925 1162 991 sive
1174 921 1273 987 fluida
1286 919 1341 984 illa
1354 940 1394 983 ex

104 1053 264 1141 paniculis
279 1051 481 1117 crassioribus
496 1059 649 1124 constent,
666 1046 730 1109 sive
741 1064 783 1108 ex
792 1041 932 1105 omnium
940 1035 1146 1104 subtilissimis
1156 1031 1393 1097 constituantur.

105 1164 156 1228 Ex
165 1160 261 1227 medii
271 1160 438 1225 subtilitate
447 1154 622 1223 resistentia
631 1149 837 1238 projactilium
847 1145 1006 1212 celerrimi
1018 1156 1175 1209 motorum
1185 1158 1251 1204 non
1260 1135 1394 1202 multum

104 1269 296 1335 diminuitur.

148 1378 246 1442 Corol.
263 1384 293 1439 6.
340 1371 423 1436 Haec
438 1369 543 1434 omnia
556 1369 601 1432 ita
616 1390 650 1433 se
663 1364 782 1429 babent
796 1364 829 1425 in
842 1360 957 1436 fluidis,
980 1376 1115 1444 quorum
1136 1356 1183 1420 vis
1203 1354 1330 1420 elastica
1352 1372 1393 1415 ex

102 1484 325 1573 particularum
348 1480 464 1544 viribus
479 1474 660 1563 centrifugis
674 1472 827 1560 originem
842 1469 937 1535 ducit.
983 1462 1081 1542 Quod
1095 1464 1122 1528 ii
1136 1464 1182 1528 vis
1197 1462 1250 1527 illa
1265 1458 1393 1527 aliunde

104 1594 232 1669 oriatur,
256 1589 352 1664 veluti
373 1611 413 1652 ex
434 1585 657 1673 particularum
678 1581 870 1668 expansione
883 1576 925 1642 ad
939 1576 1035 1641 instar
1059 1573 1141 1638 lanae
1162 1572 1212 1637 vel
1233 1591 1394 1635 ramorum

105 1705 266 1781 arborum,
281 1712 335 1764 aut
349 1721 390 1763 ex
404 1696 464 1760 alib
480 1694 588 1782 quivis
603 1690 705 1771 causi,
728 1690 789 1778 qud
804 1700 907 1753 motus
921 1682 1144 1772 particularum
1164 1682 1244 1746 inter
1265 1703 1299 1744 se
1321 1676 1394 1744 red·

103 1813 221 1877 duntur
241 1809 343 1873 minus
364 1806 471 1870 liberi:
498 1803 681 1879 resistentia,
703 1801 744 1865 ob
760 1799 912 1865 minorem
926 1795 1021 1860 medii
1035 1793 1230 1871 fluiditatem,
1253 1790 1313 1855 erit
1326 1810 1392 1854 ma·

98 1923 151 2007 jor
165 1919 259 2006 quim
272 1916 307 1980 in
321 1911 533 2001 superioribus
549 1907 739 1974 Corollariis.

236 2163 540 2235 ,PROPOSITIO
562 2160 731 2227 XXXIV.
776 2154 1049 2225 THEOREMA
1071 2151 1240 2221 XXVIII.
1347 2218 1351 2225 ,

101 2366 138 2430 Si
148 2362 253 2448 globus
267 2371 297 2424 et
310 2362 462 2446 cylindris
476 2359 641 2444 aequolibus
655 2360 812 2424 diametris
826 2360 979 2441 descripti,
995 2359 1029 2421 in
1044 2359 1140 2422 medio
1154 2379 1228 2421 roro
1240 2380 1278 2421 ea
1286 2357 1392 2440 parti·

143 2471 218 2533 stilis
231 2468 396 2552 capitalibus
410 2476 439 2531 ct
453 2469 637 2551 adaquata
650 2465 690 2529 ab
704 2466 829 2531 invicem
848 2465 1012 2529 distantias
1032 2461 1126 2528 libere*
1148 2465 1301 2546 dispositis
1322 2484 1392 2528 coa·

143 2587 251 2654 saite,
267 2573 423 2642 sectiaidilm
432 2577 557 2661 plagam
571 2577 640 2640 uris
651 2574 793 2661 cylindri,
815 2577 928 2660 aequoli
941 2597 1004 2640 aon
1019 2576 1175 2639 velocitate
1195 2583 1390 2639 moneantur.-

143 2689 202 2751 erit
216 2686 387 2751 resistentia
398 2685 483 2769 globi
498 2686 589 2768 duplo
603 2686 701 2749 minor
714 2683 803 2770 quim
816 2687 988 2751 resistentia
1004 2687 1145 2771 cylindri.

143 2854 227 2920 Nam
248 2853 395 2941 quoniam
418 2854 499 2919 actio
520 2853 616 2919 medii
637 2855 672 2919 in·
691 2877 805 2940 corpus
820 2854 929 2920 eadem
944 2867 992 2921 est
1014 2861 1084 2942 (per
1097 2855 1204 2945 legum
1220 2856 1328 2922 Corol.
1342 2856 1390 2938 b.)

100 2967 163 3030 siva
186 2988 299 3052 corpus
321 2967 354 3029 in
376 2966 481 3031 medio
503 2965 679 3052 quiescente
700 2980 870 3044 moveatur,
897 2967 961 3030 sive
983 2966 1079 3031 medii
1099 2965 1260 3051 particula
1280 2965 1390 3032 eidem

100 3096 171 3138 cum
186 3074 348 3140 velocitate
371 3073 409 3160 (¹)
426 3074 600 3162 impingant
613 3076 646 3139 in
661 3096 775 3159 corpus
790 3075 892 3161 quies-

102 3205 187 3246 cens:
199 3181 430 3248 consideremus
440 3204 554 3269 corpus
562 3195 710 3269 tanquam
719 3183 891 3268 quiescens,
960 3176 991 3223 ὓ
1067 3176 1106 3223 K
1195 3178 1230 3227 Ν

96 3301 133 3382 ,οῖ
147 3288 307 3353 videamus
333 3312 396 3375 quo
421 3291 538 3376 impetu
561 3289 724 3377 urgebitur
747 3312 766 3354 a
788 3288 892 3354 medio
975 3256 1065 3394 r
1091 3259 1200 3367 δ’
1216 3308 1238 3352 b
1298 3310 1327 3354 ι
1360 3300 1384 3350 Ρ

102 3408 255 3459 movente.
300 3395 454 3484 Designet
479 3397 574 3483 igitur
601 3399 628 3460 A
648 3396 677 3460 B
693 3396 725 3462 l(
741 3399 758 3462 1
779 3419 895 3482 corpus
976 3403 980 3408 ’
1199 3396 1206 3430 l

102 3501 289 3586 spbaericum
305 3517 414 3568 centro
430 3504 458 3569 C
473 3505 718 3570 semi-diametro
734 3506 762 3570 C
778 3507 808 3570 A
823 3507 893 3571 des-

102 3610 246 3694 criptum,
263 3623 295 3674 et
305 3610 444 3676 incidant
453 3612 615 3697 particulae
629 3612 724 3677 medii
738 3613 809 3678 dati
822 3636 894 3678 cum
976 3578 1053 3727 k

101 3716 263 3780 velocitate
277 3718 310 3780 iu
325 3740 439 3803 corpus
461 3717 540 3782 illud
562 3718 761 3804 sphaericum,
785 3743 895 3786 secun·
961 3765 995 3812 0.

101 3825 178 3888 dum
200 3837 300 3888 rectas
322 3825 382 3908 ipsi
399 3827 428 3890 Α
445 3827 473 3890 C
496 3824 675 3911 parallelas:
702 3828 803 3914 sitque
819 3829 891 3893 FB

102 3935 252 4019 ejusmodi
269 3948 362 3999 recta.
406 3938 445 4001 In
460 3935 496 4001 ei
513 3938 653 4022 capiatur
678 3933 704 4003 l.
722 3937 751 4003 B
772 3939 1018 4003 semi-diametro
1034 3935 1062 4000 C
1079 3933 1260 4021 Baequalis,
1287 3944 1319 3996 et
1331 3931 1392 3996 du·

102 4056 190 4106 catur
206 4045 234 4107 B
250 4044 284 4108 D
299 4067 370 4131 quoe
386 4046 541 4132 spboeram
557 4060 665 4135 tangat
679 4047 711 4110 in
728 4048 766 4112 B.
811 4048 850 4112 In
868 4046 899 4112 K
917 4047 945 4112 C
960 4059 993 4112 et
1009 4047 1038 4111 B
1053 4046 1087 4111 D
1102 4045 1306 4109 demittantur
1319 4063 1392 4126 per·

102 4151 318 4235 pendiculares
334 4153 415 4232 BE,
432 4155 461 4219 L
472 4154 518 4232 D,
533 4168 567 4220 et
580 4155 626 4219 vis
640 4154 702 4240 qut
716 4155 869 4239 particula
883 4152 988 4231 medii,
1005 4152 1178 4219 secunddm
1190 4166 1306 4216 rectam
1323 4148 1392 4214 FB

103 4258 228 4344 oblique
253 4259 429 4338 incidendo,
455 4260 585 4348 globum
606 4262 678 4327 ferit
698 4261 731 4325 in
755 4263 793 4340 B,
817 4263 877 4326 erit
890 4262 931 4326 ad
946 4263 1010 4324 vim
1025 4259 1086 4347 qui
1109 4260 1262 4345 particula
1283 4258 1393 4324 eadem

103 4364 278 4451 cylindrum
295 4365 327 4430 0
343 4366 375 4430 N
392 4366 424 4432 G
440 4366 473 4444 Q
488 4389 547 4432 axa
563 4370 594 4431 Α
611 4367 640 4433 C
656 4370 671 4433 1
687 4368 770 4432 circa
790 4368 920 4457 globum
943 4368 1133 4452 descriptum
1155 4364 1393 4452 perpendicula·

104 4537 502 4664 ..l'.;i'l.¹'”ttt.it.‘.⁰ttt
518 4538 735 4664 litata&
767 4540 977 4665 istim.
994 4537 1396 4668 mbl‘t·.i..tt³'.ll

103 4665 158 4722 tiva,
184 4664 311 4739 eadamque
332 4665 430 4727 proiadb
451 4667 486 4713 vis
508 4668 662 4728 percusionis
683 4670 736 4730 (per
767 4667 1007 4726 taracona-rim,
1023 4667 1158 4731 matreque
1173 4664 1396 4724 molucamotub

103 4727 164 4776 dem.
193 4743 219 4776 rn
248 4729 303 4779 Cor.
328 4735 351 4781 5.
381 4730 428 4795 leg
453 4732 525 4792 mot.)
553 4731 617 4780 idean
643 4747 736 4796 quoque
767 4741 848 4795 egunt.

727 4816 781 4864 ΝΞ
