3098 5534
88 404 200 470 Lrnnn
216 403 380 484 secuun]
419 402 662 471 PRINCIPIA
683 403 1057 492 MATHEMATICA.
1316 417 1376 477 sel

88 575 202 653 dictur,
218 588 251 641 et
264 576 384 641 interea
397 577 464 642 exis
479 577 546 662 ejus
556 601 628 642 cum
643 601 702 643 axe
717 601 809 645 cane-
917 586 957 658 1ss
959 645 1095 659 ,,,,,,,,,,,,,,,,,
1095 588 1124 659 Ι,
1125 650 1273 665 ,,,,,,,,,,,,,,
1274 586 1303 663 ΙΙι

22 746 26 751 .
87 684 127 747 lis
142 684 315 748 coincidet:
339 685 514 751 resistentia
528 688 594 771 ejus
610 688 669 752 erit
682 686 723 750 ad
744 686 808 751 vim

87 794 149 878 qui
165 805 249 857 totus
264 794 331 879 ejus
347 807 461 872 motus,
485 818 548 881 quo
569 808 710 879 tempore
731 818 807 881 quu-

87 899 236 984 druplum
258 902 462 990 longitudinis
488 926 554 967 suae
577 904 735 982 describit,
759 906 809 969 vel

85 1010 230 1095 generari
254 1011 354 1094 possit
374 1010 423 1076 vel
445 1010 522 1088 tolli,
548 1011 582 1074 in
603 1012 723 1077 ratione
738 1035 809 1098 quse

87 1116 286 1203 componitur
309 1139 349 1181 ex
370 1117 491 1182 ratione
507 1119 536 1182 E
553 1118 617 1205 Fq
637 1119 679 1183 ad
701 1120 731 1187 E
748 1123 810 1209 Fq

86 1230 163 1306 -ᾖ
183 1226 211 1290 P
226 1226 259 1302 Q
274 1249 295 1311 q
317 1226 423 1304 semel,
451 1239 483 1292 et
503 1228 624 1292 ratione
648 1228 676 1293 E
693 1229 811 1316 and

88 1333 118 1397 E
135 1334 162 1397 F
176 1357 253 1420 q-
268 1335 296 1398 P
312 1334 345 1410 Q
359 1358 381 1421 q
394 1336 453 1413 bis,
470 1348 501 1401 et
516 1338 636 1402 ratione
650 1337 811 1403 densitatis

87 1440 182 1504 medii
198 1442 239 1505 ad
254 1441 441 1507 densitatem
456 1444 600 1530 cylindri.

131 1551 230 1614 Corol.
247 1560 277 1615 6.
312 1552 428 1617 Iisdem
452 1555 571 1638 positis,
595 1568 627 1619 et
641 1557 726 1642 quod
741 1557 810 1621 lon·

84 1658 198 1745 gitudo
213 1659 243 1723 L
258 1660 297 1725 sit
312 1662 352 1725 ad
374 1663 596 1749 quadrupluml
608 1662 809 1750 longitudinis

85 1766 218 1852 cylindri
232 1769 265 1831 in
281 1768 401 1832 rstioue
415 1791 486 1853 quoe
500 1770 699 1852 componitur
707 1791 749 1834 ex
759 1792 809 1832 ras

85 1875 804 1968 tioneEFq-QPQqsdEFqsemel,

85 1996 117 2049 et
137 1985 257 2049 ratione
272 1985 301 2048 E
318 1986 345 2049 F
360 2009 381 2071 q
395 2023 439 2036 -
455 1987 482 2050 P
497 1987 531 2063 Q
546 2011 566 2075 q
581 1990 622 2052 ad
637 1990 666 2053 E
683 1989 710 2052 F
724 2011 744 2075 q
759 1990 825 2054 bis:
850 1992 897 2077 (³¹)
914 1992 1089 2056 resistentia
1110 1994 1244 2079 cylindri
1259 1998 1318 2062 erit
1333 1998 1374 2062 ad

85 2093 149 2156 vim
170 2092 231 2179 qui
254 2105 338 2158 totus
360 2095 427 2178 ejus
448 2107 562 2173 motus,
589 2096 724 2162 interere
744 2094 820 2162 dum
846 2098 1074 2187 longitudinem
1096 2100 1299 2182 Ldescribit,
1324 2106 1372 2171 vel

84 2200 152 2265 tolli
166 2201 264 2285 possit
278 2199 328 2266 vel
341 2202 494 2288 genumi,
510 2215 546 2268 ut
559 2202 694 2272 densitas
708 2203 805 2271 medii
819 2203 861 2270 ad
875 2204 1059 2271 densitatem
1073 2205 1217 2296 cylindri.

607 2478 609 2482 Α
651 2510 808 2577 Scholium.

119 2699 167 2790 ¹In
191 2699 251 2764 htc
282 2700 502 2786 Propositione
525 2702 730 2794 resistentiam
758 2703 1010 2792 investigavimus
1039 2725 1111 2791 quae
1138 2705 1279 2768 oritura
1305 2699 1372 2766 soli
1437 2687 1439 2690 ’

81 2808 296 2896 magnitudine
311 2822 500 2874 transversae
513 2811 657 2876 sectionis
667 2811 811 2898 cylindri,
827 2811 968 2900 neglecti
984 2811 1168 2877 resistentioe
1189 2822 1278 2896 perte
1300 2829 1373 2895 quse

81 2918 121 2981 ab
135 2917 318 3005 obliquitate
339 2934 481 2986 motuum
496 2921 571 2986 oriri
584 2920 692 3006 possit.
736 2922 820 2986 Nam
842 2921 1105 3010 quemadmodum
1120 2921 1152 2983 in
1169 2921 1253 2985 Casu
1269 2919 1372 3003 primo

82 3023 309 3110 Propositionis
326 3025 493 3092 XXXVI.
510 3027 676 3115 obliquitas
698 3042 850 3106 motuum,
874 3029 986 3114 quibus
999 3040 1105 3113 partes
1119 3048 1210 3114 aquae
1231 3026 1264 3090 in
1286 3047 1369 3102 vase,

79 3133 218 3219 undique
233 3135 464 3223 conrergebsnt
477 3136 511 3198 in
524 3135 665 3200 foramen
680 3135 710 3201 E
726 3135 763 3213 F,
778 3135 940 3220 impedivit
953 3133 1103 3200 effluxum
1117 3156 1207 3220 aquae
1221 3133 1304 3196 illius
1313 3153 1371 3216 per

79 3240 237 3307 foramen:
255 3244 348 3308 sicin
363 3244 424 3309 bric
439 3245 667 3330 Propositione,
682 3245 848 3334 obliquitas
864 3259 1016 3323 motuum,
1032 3245 1146 3332 quibus
1160 3255 1264 3329 partes
1280 3261 1371 3327 equoe

79 3349 120 3413 ab
143 3352 299 3416 anteriore
321 3352 454 3438 cylindri
475 3355 609 3418 termino
629 3374 757 3439 prestre,
787 3354 903 3417 cedunt
930 3352 1083 3438 pressioni
1112 3352 1152 3438 (¹²)
1177 3362 1208 3415 et
1232 3348 1371 3434 undique
1437 3362 1440 3367 '

79 3456 255 3545 divergunt,
280 3459 548 3541 retardateorum
573 3461 735 3526 transitum
757 3482 815 3546 per
836 3460 906 3524 locs
926 3459 1114 3525 incircuitu
1138 3456 1262 3522 termini
1287 3454 1370 3521 illius

78 3564 289 3628 antecedentis
311 3580 419 3628 versus
439 3567 627 3650 posteriores
647 3579 752 3652 partes
773 3567 916 3654 cylindri,
943 3566 1096 3654 efficitque
1118 3578 1154 3631 ut
1174 3565 1306 3629 fluidum
1328 3562 1369 3626 ad

78 3672 228 3758 majorem
249 3672 427 3739 distantiam
452 3686 686 3740 commoveatur
707 3687 739 3741 et
759 3675 967 3741 resistentiam
988 3687 1092 3764 suget,
1119 3675 1158 3760 (⁰)
1173 3674 1269 3761 idque
1283 3672 1316 3736 in
1331 3668 1368 3736 esi

111 3861 153 3928 (ω)
166 3867 179 3894 ”
193 3865 330 3914 Remmia
385 3866 391 3878 '
456 3865 607 3912 eritodnim·
643 3862 708 3912 Nm
739 3861 1062 3924 renispniorumhocsst,
1078 3859 1368 3928 inrationeiongitudinis

79 3927 133 3990 (per
146 3927 200 3976 Cor.
215 3933 238 3975 2.
250 3938 276 3976 et
287 3928 353 3990 Hyp.
379 3927 508 3975 resistentis
522 3926 622 3989 cylindri
632 3936 668 3975 est
677 3927 708 3975 sd
741 3928 765 3976 L
775 3927 806 3975 sd
816 3926 974 3990 quadruplum
985 3927 1141 3992 longiusdin‘n
1151 3927 1257 3990 cylindri.
1287 3929 1368 3984 Quare

78 3991 414 4057 vimquitotusejusmotus,
446 3991 706 4055 uotemporequsdru·
740 3995 781 4057 (ex
798 3992 877 4055 equo)
896 3993 1024 4040 rsdstentis
1042 3991 1142 4055 cylindri
1160 4003 1196 4040 est
1211 3991 1241 4039 sd
1256 3991 1305 4039 sim
1320 3988 1369 4054 qui

78 4053 145 4116 plum
157 4056 309 4119 longitudinis
324 4071 373 4103 sue
389 4071 406 4103 u
424 4055 537 4103 'ormiter
552 4055 707 4103 describitsel
739 4066 803 4104 totus
821 4058 872 4118 ejus
886 4065 972 4112 motuis,
991 4055 1138 4104 interesdurn
1154 4055 1327 4118 longitudinem
1343 4054 1367 4102 L

77 4121 184 4182 generari
195 4121 267 4181 possit
278 4119 315 4168 vei
325 4119 383 4177 tolli,
400 4121 425 4168 in
436 4119 524 4168 rstiom
534 4117 663 4180 compositi
677 4134 707 4168 es
739 4119 887 4168 uniformiter
896 4120 1006 4168 describit
1015 4120 1066 4168 tolli
1080 4120 1153 4181 possit
1163 4120 1199 4167 rel
1209 4119 1323 4195 genemi,
1339 4128 1368 4169 ut

78 4183 168 4232 ratione
178 4182 314 4247 quadruplos
325 4183 478 4247 longitudinis
493 4183 592 4246 cylindri
607 4183 638 4230 nd
654 4184 705 4231 lon·
737 4184 838 4232 densim
848 4184 920 4232 medii
930 4184 961 4232 stl
970 4183 1108 4233 dendutem
1119 4183 1225 4247 cylindri·

77 4247 210 4310 gitudinem
222 4249 244 4297 L
256 4259 280 4298 et
289 4249 379 4296 ratione
389 4248 508 4296 densitatis
519 4246 590 4295 medii
601 4245 631 4295 sd
647 4247 705 4296 den·
783 4287 795 4310 ,
974 4289 980 4299 .
1061 4288 1067 4299 ,
1239 4283 1245 4296 .

78 4312 171 4360 sitstem
182 4312 289 4374 cylindri,
306 4322 329 4361 et
341 4313 411 4376 (279)
424 4313 459 4360 ris
469 4310 516 4375 qui
526 4321 590 4360 totus
606 4310 705 4372 cylindri
766 4285 807 4400 ἱ)
828 4291 841 4318 ⁰
865 4288 898 4334 ⁸¹
921 4289 1022 4361 “mim
1043 4288 1170 4361 ΨΜ·
1215 4283 1271 4332 v¹d⁰
1293 4284 1364 4347 MP*

77 4387 163 4430 motus.
176 4376 321 4424 inserendum
331 4376 489 4438 quadruplum
496 4374 650 4440 longitudinis
656 4390 707 4423 sue
739 4352 762 4401 x
791 4351 812 4398 Ῐ·
825 4359 850 4398 ‘²
860 4349 948 4398 XLII·
964 4349 1017 4398 hb·
1031 4349 1109 4411 buln*
1333 4434 1341 4448 .
1365 4399 1369 4407 ·

77 4440 193 4498 describit,
236 4441 311 4488 nersri
322 4440 358 4487 vel
369 4440 419 4488 tolli
429 4440 508 4502 posdt,
519 4450 553 4487 est
564 4439 594 4487 sd
605 4439 651 4486 vim
659 4437 707 4501 qut
738 4435 811 4548 ὦ)
825 4440 837 4466 ·
851 4438 926 4498 quue
937 4437 963 4483 in
973 4432 1166 4511 eriserit-memte
1202 4433 1367 4511 Eodqruem

77 4504 173 4568 idemej
219 4503 457 4566 emcyiindrisnotus
487 4518 519 4552 uo
534 4514 639 4565 tempore
654 4503 706 4550 lon·
798 4499 962 4547 modomotus
977 4499 1066 4561 obbqru
1082 4514 1107 4546 sn
1123 4514 1190 4561 sque
1208 4502 1311 4559 petubas
1327 4514 1367 4549 ex.

78 4569 210 4632 gitudinem
222 4569 245 4618 L
255 4568 404 4618 uniformiter
413 4568 486 4616 desen
503 4567 522 4616 it
532 4567 569 4615 vei
579 4566 708 4628 tollipossit
739 4566 847 4621 dunusr,
864 4564 913 4638 sire
926 4578 989 4638 equs
998 4562 1024 4610 in
1034 4561 1133 4624 planum
1147 4563 1228 4612 circuli
1242 4563 1368 4639 immonem

78 4632 115 4680 rel
125 4634 239 4697 genum,
256 4632 281 4681 in
291 4632 382 4682 ratione
397 4631 489 4681 invent
503 4641 644 4693 tenrporum,
659 4631 708 4679 stre
738 4629 862 4703 impinps,
878 4625 1129 4680 ursnrculuseidesn
1139 4642 1195 4679 curn
1206 4627 1327 4679 selontste
1342 4642 1368 4675 sn

78 4694 707 4763 obnmdsmutnnqueoeleitstsrninrstionein-
739 4691 1048 4759 equiquttscsnteitsstur.
