3098 5534
399 414 461 480 278
712 406 1053 476 PHILOSOPHIAE
1077 406 1350 476 NATURALIS
1413 406 1523 486 [Μαι.

910 819 1098 897 SECTIO
1124 820 1174 896 X,

389 1033 451 1108 De
467 1045 560 1107 motu
583 1056 767 1131 corporum
792 1034 829 1107 in
853 1035 1095 1130 nipeffiaeiebus
1121 1029 1223 1115 datis,
1250 1030 1358 1125 deque
1369 1029 1537 1126 fimipen

884 1163 978 1227 neom
994 1153 1180 1249 reciproco.

571 1398 855 1467 PROPOSITIO
879 1400 1003 1466 XLVI.
1050 1400 1310 1465 PROBLEMA
1334 1400 1488 1467 XXXII.

382 1570 489 1638 Positci
503 1573 691 1659 ruperuntque
700 1575 818 1658 generis
831 1576 863 1638 vi
874 1571 1048 1657 centnpeed,
1063 1576 1189 1657 datoque
1202 1584 1262 1637 tum
1276 1574 1383 1638 virium
1396 1584 1496 1638 centro
1509 1585 1523 1639 t

424 1701 592 1765 quocum
605 1685 639 1745 in
652 1702 710 1765 qno
731 1703 834 1764 corpus
851 1683 1021 1760 revolviwr,
1043 1690 1073 1745 et
1099 1684 1239 1744 messis
1248 1682 1423 1764 figurarum
1444 1683 1549 1745 aava«

423 1793 638 1873 quadraturis:
660 1780 826 1875 requiritur
838 1801 929 1854 motus
943 1791 1075 1873 corporis
1088 1790 1201 1853 deloco
1215 1791 1297 1865 dato,
1323 1787 1397 1852 daed
1422 1809 1485 1852 cum
1506 1811 1549 1853 ve»

423 1900 575 1962 secundum
590 1908 697 1962 rectam
713 1901 745 1961 in
755 1900 850 1980 plano
865 1899 919 1962 illo
932 1900 1033 1962 datm
1049 1898 1168 1981 egressi.

425 2051 474 2117 Sit
489 2051 513 2117 S
528 2061 668 2116 centrum
685 2050 807 2127 virium,
826 2051 849 2116 S
866 2048 894 2114 C
908 2048 1056 2113 distantia
1070 2048 1199 2112 minime
1212 2047 1311 2111 centri
1326 2045 1418 2132 hujus
1440 2046 1547 2132 eplnn

382 2161 410 2227 P
424 2182 538 2246 corpus
549 2161 589 2227 de
603 2160 673 2225 loeo
690 2161 718 2227 P
733 2158 906 2227 secundum
921 2172 1038 2225 rectam
1055 2156 1083 2223 P
1099 2158 1125 2222 Z
1139 2155 1314 2245 egrediens,
1339 2155 1371 2231 Q
1393 2176 1507 2241 corpus
1533 2157 1545 2219 i

381 2271 554 2357 trajectorin
565 2269 798 2346 suirevolrens,

381 2387 414 2439 et
423 2374 457 2443 P
469 2373 503 2452 Q
520 2374 550 2439 R
565 2374 751 2461 trajectoria,
762 2371 800 2436 il·

380 2484 421 2562 la,
451 2484 484 2547 in
508 2481 605 2568 plano
630 2479 705 2545 dato
728 2478 800 2545 des·

380 2590 491 2675 cripte,
528 2608 622 2673 quam
659 2585 800 2651 invenire
847 2578 879 2650 Z

380 2706 514 2780 oportet.
535 2691 798 2779 iunganturCQ,
888 2743 919 2818 Q

381 2802 415 2880 Q
432 2802 465 2879 S,
482 2813 513 2864 et
527 2798 551 2862 si
568 2798 601 2862 in
625 2798 657 2874 Q
674 2799 698 2863 S
715 2799 800 2882 capi-

379 2920 450 2973 etur
466 2904 490 2970 S
505 2906 535 2971 V
557 2904 800 2990 prnportioualis

378 3010 411 3075 vi
421 3007 603 3093 centripetoe
613 3006 674 3096 quii
686 3028 801 3093 corpus

379 3115 513 3180 trahitur
529 3136 636 3178 versus
656 3128 799 3178 centrum

380 3230 413 3305 S,
442 3241 474 3291 et
498 3240 609 3315 egetur
631 3227 661 3288 V
677 3225 708 3289 T
727 3247 801 3312 quie

378 3332 417 3395 eit
432 3329 581 3415 paralleli
597 3328 625 3395 C
641 3328 685 3407 Q,
701 3340 734 3393 et
746 3351 799 3393 oc·

377 3450 483 3500 curret
499 3437 522 3501 S
549 3434 577 3498 C
602 3434 635 3497 in
662 3433 714 3498 T:
745 3432 799 3496 Vis

379 3542 402 3606 S
418 3540 448 3601 V
468 3538 641 3603 resolvetur
663 3543 732 3623 (per
754 3538 798 3602 ie·

375 3673 453 3738 gum
469 3648 576 3714 Corol.
593 3650 637 3729 2.)
660 3649 693 3712 in
715 3650 797 3715 vires

376 3758 401 3821 S
417 3755 458 3833 T,
472 3754 504 3820 T
519 3755 570 3831 V;
585 3777 717 3841 quarum
730 3757 797 3824 ST

375 3863 529 3929 trahendo
544 3885 658 3948 corpus
674 3867 846 3931 secundum
861 3869 976 3935 lineam
992 3871 1087 3956 piano
1101 3875 1402 3958 perpendicularem,
1419 3879 1464 3942 nil
1478 3901 1531 3945 mu

374 3987 441 4038 tum
457 3975 523 4058 ejus
539 3972 571 4035 in
586 3973 647 4037 hoc
661 3975 768 4059 plano.
815 3977 871 4043 Vis
883 3992 986 4044 autem
999 3981 1096 4047 ultera
1112 3983 1144 4048 T
1159 3984 1198 4062 V,
1215 3986 1338 4073 agendo
1352 3989 1524 4052 secundum
1547 4022 1549 4069 2

373 4105 446 4148 nem
461 4083 557 4167 plani,
574 4083 670 4147 trehit
684 4106 798 4170 corpus
812 4086 929 4151 directd
945 4111 1050 4153 versus
1064 4105 1214 4175 punctum
1233 4093 1260 4157 C
1276 4093 1308 4156 in
1322 4095 1417 4178 plano
1439 4096 1546 4161 datum

373 4215 435 4279 que
449 4193 553 4269 efficit,
570 4204 604 4256 ut
619 4216 733 4279 corpus
747 4195 825 4259 illud
840 4197 873 4260 in
888 4196 949 4261 hoc
964 4197 1059 4283 plano
1080 4199 1211 4284 perinde
1232 4217 1402 4279 moveatur,
1427 4228 1463 4268 uc
1485 4206 1510 4269 si
1534 4229 1548 4268 i

373 4303 545 4380 tolleretur,
562 4322 594 4367 et
608 4324 721 4390 corpus
736 4305 767 4368 vi
782 4304 847 4370 soli
864 4305 895 4371 T
911 4308 941 4370 V
956 4308 1168 4372 revolveretur
1181 4309 1264 4374 circa
1287 4309 1325 4394 (¹²)
1348 4326 1487 4376 centrum
1506 4315 1534 4379 C

407 4518 1001 4587 (²)045ece0remmcenpaem
1036 4523 1128 4571 emnia
1166 4526 1537 4587 stQc=sVoeuQ2

376 4582 1004 4649 ennemase-remiman
1038 4590 1179 4644 0ch
1548 4644 1549 4648 Ἴ

376 4646 1003 4714 emdamtwmmgunsvnsdc
1038 4642 1186 4725 *sq--
1224 4631 1525 4697 &dobmgulumec
