3098 5534
451 837 739 921 Emuonls
760 840 1085 925 PRAEFATIO
1205 828 1210 850 ¹

319 1330 756 1434 EDITIONEM
780 1318 1213 1436 SECUNDAM.·

682 1628 850 1653 Um

114 1843 169 1940 N
170 1886 389 1932 rwrorraun
399 1840 613 1950 Philosophiae
628 1884 743 1928 novam
755 1863 822 1941 tibi,
845 1863 945 1929 lector
967 1862 1131 1946 benevole,
1155 1868 1273 1959 diuque
1295 1868 1419 1939 deside·

110 1989 211 2041 ratem
230 1975 413 2051 editionem,
430 1971 601 2058 plurimum
616 1995 701 2036 nunc
716 1971 915 2037 emendatam
930 1984 1024 2060 atque
1035 1973 1207 2040 auctiorem
1222 1976 1418 2046 exhibemus.

111 2086 198 2162 Qure
211 2082 416 2171 potissimum
432 2080 652 2145 contineantur
666 2080 699 2143 in
713 2080 775 2144 hoc
790 2102 886 2166 opere
902 2079 1117 2160 celeberrimo,
1140 2082 1316 2172 intelligere
1329 2099 1421 2174 potes

109 2216 153 2258 ex
167 2188 326 2255 indicibus
338 2188 490 2278 adjectis
514 2208 586 2275 quae
606 2186 656 2252 vel
672 2186 830 2251 addantur
843 2187 894 2251 vel
916 2186 1131 2268 immutentur,
1148 2191 1217 2274 ipsa
1232 2205 1263 2257 te
1278 2192 1344 2259 ferd
1361 2194 1420 2261 do·

110 2299 195 2365 oebit
222 2296 361 2362 auctoris
380 2292 535 2382 praeiatio.
581 2294 753 2382 Reliquum
779 2307 837 2372 est,
863 2304 897 2358 nt
917 2295 1104 2381 adjiciantur
1123 2299 1277 2364 nonnulla
1290 2300 1330 2366 de
1351 2324 1419 2370 me-

107 2404 214 2472 thodo
226 2406 322 2492 hujus
336 2402 557 2490 philosophiae.

155 2515 225 2592 Qui
251 2510 416 2600 physicam
442 2508 639 2602 tractandum
669 2523 884 2595 susceperunt,
908 2511 949 2574 ad
971 2522 1035 2576 tres
1062 2512 1127 2577 fere
1143 2511 1257 2580 classes
1277 2514 1419 2585 revocari

107 2632 256 2708 possrmt.
302 2618 485 2684 Extiterimt
500 2617 595 2695 enim,
626 2617 681 2704 qui
695 2617 827 2706 siugulis
850 2639 958 2684 rerum
978 2620 1145 2704 speciebus
1161 2623 1325 2710 qualitates
1345 2647 1418 2712 spe·

107 2728 217 2794 cilicos
247 2740 280 2790 et
305 2724 444 2789 occultus
473 2722 662 2800 tribuerint3
685 2744 726 2788 ex
752 2724 866 2811 quibus
888 2724 1004 2789 deinde
1026 2748 1195 2813 corporum
1220 2730 1418 2818 singulorum

108 2834 321 2922 operationes,
344 2830 453 2921 ignoti
479 2827 616 2918 quidam
645 2831 777 2910 ratione,
800 2831 940 2917 pendere
955 2830 1132 2899 voluenmt
1179 2832 1219 2901 In
1237 2836 1299 2902 hoc
1313 2839 1417 2924 positu

111 2954 159 3008 est
173 2960 300 3007 summa
315 2937 469 3003 doctrinm
495 2934 701 3027 scholasticae,
725 2938 765 3003 ab
782 2938 954 3003 Aristotele
967 2953 1001 3004 et
1017 2941 1232 3027 Peripateticis
1248 2944 1415 3017 derivatoe:

110 3052 284 3117 Affirmant
298 3048 408 3135 utique
423 3045 566 3134 singulos
578 3044 707 3110 effectus
722 3067 764 3110 ex
778 3067 947 3132 corporum
962 3047 1171 3136 singularibus
1186 3053 1305 3117 naturis
1320 3054 1415 3134 oriri3

107 3172 142 3224 at
154 3154 243 3224 unde
258 3156 322 3221 sint
342 3152 407 3218 illoe
420 3166 546 3218 naturae
563 3175 629 3217 non
640 3152 775 3230 docent3
798 3152 877 3217 nihil
906 3155 1012 3242 itaque
1026 3155 1150 3222 docent
1197 3160 1341 3249 Cumque
1355 3164 1414 3228 toti

107 3269 171 3333 sint
184 3267 338 3331 inrerum
360 3262 552 3342 nominibus,
574 3284 640 3327 non
658 3262 692 3326 in
706 3262 783 3347 ipsis
799 3263 912 3340 rebus3
936 3282 1113 3330 sermonem
1128 3266 1285 3352 quendam
1308 3268 1413 3355 philo·

107 3375 276 3462 sophicmn
299 3370 447 3437 censendi
470 3381 544 3435 sunt
569 3369 776 3449 adinvenisse,
799 3369 1030 3456 philosophiam
1055 3357 1221 3440 tradidisse
1246 3396 1313 3443 non
1337 3391 1412 3445 sunt

105 3479 268 3549 censendi.

149 3589 219 3656 Alii
233 3610 312 3676 ergo
325 3586 464 3652 melioris
479 3585 651 3674 diligentie
665 3586 792 3651 laudem
806 3587 956 3677 consequi
967 3600 1134 3676 sperarimt
1143 3593 1259 3678 rejecta
1272 3595 1408 3661 vocubu-
1490 3656 1497 3672 ,

102 3700 211 3764 lorum
224 3694 329 3761 inutili
344 3680 510 3783 farragine.
557 3697 742 3762 statuerunt
762 3697 868 3783 itaque
886 3699 1049 3764 materiam
1064 3701 1242 3767 universam
1256 3703 1409 3792 homoge-

102 3826 199 3873 neam
214 3826 294 3882 esse,
318 3822 445 3869 omnem
459 3800 716 3867 verdformarum
726 3803 918 3882 varietatem,
935 3826 1005 3891 quae
1019 3805 1054 3870 in
1064 3808 1248 3892 corporibus
1258 3809 1406 3890 cernitur,

106 3938 150 3981 cx
176 3912 406 4001 particularum
431 3911 688 3998 componentium
717 3912 952 3998 simplicissimis
979 3913 1166 4000 quibusdam
1188 3929 1219 3981 et
1247 3916 1408 3984 intellectu

107 4020 261 4085 saoillimis
287 4018 504 4084 affectionibus
529 4018 614 4082 oriri.
660 4017 705 4083 Et
728 4019 813 4083 recte
840 4018 966 4105 quidem
990 4022 1171 4109 progressio
1192 4023 1364 4089 instituitur
1388 4046 1408 4090 a

107 4126 353 4213 simplicioribus
368 4126 410 4190 sd
435 4126 536 4214 magis
550 4126 734 4211 composita,
759 4127 785 4189 si
804 4127 1028 4211 particularum
1041 4128 1197 4213 primariis
1223 4129 1302 4195 illis
1314 4130 1407 4196 affec-

101 4232 243 4301 tionibus
257 4254 324 4299 non
338 4233 416 4298 alios
438 4232 582 4297 tribuunt
605 4232 728 4311 modos,
745 4244 846 4318 'quami
861 4256 939 4320 quos
961 4234 1031 4319 ipsa
1044 4235 1154 4300 tribuit
1175 4247 1297 4301 natura
1342 4238 1407 4304 Ve-

100 4343 176 4409 rrlm
191 4343 249 4408 ubi
270 4342 430 4407 licentiam
450 4340 510 4404 sibi
523 4353 697 4418 assumunt,
720 4341 858 4426 ponendi
879 4364 1081 4428 quascunque
1106 4341 1183 4408 libet
1196 4344 1320 4432 ignotas
1333 4367 1408 4430 par·

99 4454 182 4516 tium
194 4451 314 4537 figuras
329 4462 362 4513 et
372 4447 616 4535 magnitudines,
639 4448 838 4534 incertosque
850 4449 926 4513 situs
938 4461 971 4513 et
983 4462 1087 4513 motus
1098 4473 1108 4527 ;
1131 4451 1207 4538 quin
1222 4465 1254 4517 et
1264 4454 1406 4543 fingendi

97 4559 200 4623 fluide
216 4556 363 4643 quoedam
384 4552 517 4633 occidte,
542 4577 613 4642 quae
628 4576 797 4641 corporum
811 4577 906 4641 poros
929 4556 1087 4622 liberrimi
1108 4573 1282 4644 permeent,
1305 4563 1405 4628 onmi-
