3098 5534
181 381 245 439 ³18
476 371 818 441 PHILOSOPHIAE
843 371 1121 439 NATURALIS
1191 372 1307 451 [Mor.
1326 377 1479 443 Coacon

179 560 233 612 tur
247 546 443 613 uniformiter
457 548 490 612 iu
505 548 669 626 directum,
685 569 744 612 nec
766 569 830 612 non
853 569 1023 632 corporum
1045 561 1150 611 motus
1173 547 1307 612 initiales
1332 564 1478 634 respectu

177 651 271 740 hujus
287 656 387 739 spatii.
427 655 536 721 Motus
551 668 656 719 autem
670 654 894 740 subsequentes
911 661 981 739 (per
989 653 1096 740 legum
1106 654 1307 718 corollarium
1319 656 1477 741 quintum,

176 773 209 824 ct
223 760 384 826 theorema
398 761 612 841 novissimum)
628 761 759 846 perinde
775 761 856 824 fiunt
870 760 902 823 in
918 759 979 822 hoc
995 760 1106 844 spatio,
1123 782 1160 823 ac
1175 759 1202 822 si
1217 761 1354 844 spatium
1370 762 1477 846 ipsum

177 867 241 933 uui
256 892 328 934 cum
343 871 501 935 communi
516 870 571 934 illo
584 871 744 959 gravitatis
759 883 869 934 centro
883 869 1067 957 quiesceret,
1089 881 1122 934 et
1143 891 1277 954 corpora
1290 892 1357 935 non
1371 871 1478 937 tralre·

175 987 248 1040 rant
262 998 296 1040 se
310 989 430 1055 mutuo,
447 975 503 1041 sed
517 1000 537 1041 a
551 998 683 1062 corpore
698 977 790 1041 tertio
806 977 866 1041 sito
881 976 1038 1055 incentro
1059 975 1115 1039 illo
1136 975 1346 1042 traherentur.
1394 979 1476 1042 Cor·

173 1085 260 1169 poris
275 1085 371 1173 igitur
385 1085 563 1177 alterutrius
577 1086 610 1149 in
625 1084 687 1149 hoc
701 1085 803 1170 spatio
817 1083 936 1162 mobili,
952 1083 992 1148 de
1006 1082 1077 1146 loco
1092 1082 1167 1147 dato
1182 1084 1356 1148 secundum
1368 1085 1476 1150 datam

174 1202 304 1270 rectam,
320 1191 392 1256 (latai
408 1214 480 1265 cum
495 1192 657 1257 velocitate
672 1191 826 1269 exeuntis,
850 1203 882 1255 et
905 1191 936 1254 vi
960 1190 1131 1274 centripeti
1157 1188 1198 1253 ad
1224 1202 1368 1255 centrum
1394 1193 1474 1257 illud

171 1297 321 1364 tendente
336 1300 481 1384 correpti,
505 1297 544 1384 (¹¹)
567 1298 822 1392 determinandus
838 1311 885 1363 cst
906 1311 1009 1363 motus
1032 1319 1089 1382 per
1112 1298 1274 1383 problema
1296 1322 1420 1364 nonum
1442 1315 1475 1366 et

170 1403 353 1474 vicesimum
368 1418 508 1469 sextum:
532 1418 564 1470 et
587 1405 620 1491 (¹)
645 1405 813 1471 habebitur
828 1405 920 1469 simul
936 1418 1040 1468 motus
1055 1404 1195 1488 corporis
1210 1405 1337 1470 alterius
1352 1407 1473 1471 circum

171 1514 258 1580 idem
274 1528 426 1579 centrum.
450 1515 498 1600 (¹¹¹)
524 1515 604 1580 Cum
619 1514 682 1579 hoc
696 1527 784 1579 motu
799 1511 1035 1598 componendus
1050 1525 1097 1578 est
1115 1511 1277 1577 uniformis
1299 1513 1353 1577 ille
1375 1529 1473 1600 syste-

171 1622 264 1687 matis
294 1621 385 1706 spatii
414 1635 446 1686 et
476 1643 643 1705 corporum
672 1623 705 1686 in
733 1644 772 1686 eo
797 1619 975 1708 gyrantium
1002 1631 1105 1682 motus
1134 1620 1350 1705 progressivus
1376 1642 1471 1705 supra

170 1730 325 1806 inventus,
352 1740 385 1792 ct
407 1725 573 1793 habebitur
598 1741 701 1793 motus
727 1727 888 1793 absolutus
913 1744 1085 1811 corporum
1112 1723 1146 1788 iu
1175 1726 1277 1809 spatio
1301 1724 1467 1793 immobili.

173 1832 216 1912 Q.
232 1856 259 1900 e.
276 1834 296 1897 i.

184 2071 240 2140 '(¹¹)
258 2076 271 2105 0
288 2076 487 2126 memnonias
497 2086 528 2126 ea
542 2084 616 2126 motas
628 2094 672 2140 per
683 2079 760 2128 Probi.
775 2083 798 2126 9.
832 2062 1017 2136 eiiroajceton'a
1034 2083 1106 2133 oriam
1125 2082 1210 2132 corpur
1233 2066 1255 2116 Ρ
1271 2075 1338 2115 motu
1359 2066 1466 2114 absoluto

168 2137 189 2186 al
210 2153 307 2200 corpora
327 2140 479 2202 projiciantur
499 2141 630 2190 racundum
649 2141 802 2190 ditationem
832 2138 957 2194 deaaibir3
976 2140 1015 2194 (ut
1030 2145 1095 2196 patet
1113 2148 1142 2181 ex
1164 2135 1233 2193 l’rop
1248 2137 1286 2180 ³1.
1301 2134 1464 2205 amosi).

202 2217 381 2252 neumarum
393 2202 502 2252 distentu
520 2221 569 2254 non
586 2205 708 2260 coincidet,
726 2215 750 2252 et
760 2220 802 2266 per
835 2202 892 2250 Hic
904 2201 968 2248 enim
979 2199 1069 2246 ratione
1080 2207 1185 2245 centrum
1200 2201 1350 2257 Cpercurrct
1366 2207 1467 2255 spanum

168 2216 252 2315 iurent
268 2272 306 2316 96.
325 2268 472 2317 sleoincidat
482 2269 804 2334 dimetioprojectiouiscum
838 2267 858 2315 C
873 2267 941 2313 n:
955 2264 978 2311 G
992 2264 1019 2310 H
1031 2282 1066 2308 =
1083 2260 1272 2321 semiperipheria
1288 2269 1346 2306 rota
1365 2260 1388 2306 G
1402 2260 1425 2305 E
1440 2259 1467 2315 F,

167 2328 280 2379 Amantia
290 2347 421 2394 eorponrm.
478 2381 481 2387 ,
835 2329 918 2377 eodem
929 2338 1033 2387 tempore
1051 2342 1099 2388 quo
1118 2335 1232 2386 punctum
1246 2323 1410 2371 Prerulsetur
1427 2339 1469 2383 por

201 2395 232 2460 (¹)
251 2399 264 2425 ⁹
283 2399 317 2445 Et
327 2399 447 2446 habebitur
456 2392 525 2446 aaut
535 2407 613 2446 motae
631 2400 729 2459 corpora
747 2398 803 2444 alte.
836 2403 908 2441 totam
920 2390 1130 2452 semilffll’hss‘lflm
1140 2389 1167 2463 ,Ρ
1180 2389 1202 2436 Λ
1217 2387 1255 2444 Bt
1272 2388 1362 2448 “llil'‘
1371 2387 1469 2460 9¹05de

167 2461 219 2509 riu
229 2475 244 2506 e
254 2460 356 2524 regione,
368 2461 388 2508 si
399 2472 428 2508 ex
440 2474 536 2522 corporo
547 2463 616 2525 qu'us
624 2461 805 2508 locusiuventus
836 2455 946 2505 velocitas
956 2457 1029 2503 centri
1042 2455 1115 2516 Cpar
1130 2453 1216 2527 bneam
1239 2451 1259 2499 C
1272 2451 1297 2500 R
1310 2450 1340 2498 ad
1348 2450 1469 2526 1⁹¹9&

167 2533 209 2577 ert,
227 2539 269 2584 por
287 2535 393 2573 canuam
456 2525 531 2572 vitatis
549 2540 675 2573 wmmurrc
693 2523 803 2581 duorum,
836 2531 883 2569 tem
894 2519 976 2582 puncti
987 2517 1023 2565 vel
1034 2516 1136 2578 corporis
1157 2516 1221 2589 Pin
1240 2515 1369 2576 peripheria
1386 2515 1469 2562 circi-h

165 2597 252 2650 agatur
262 2598 325 2636 recta
334 2603 389 2651 qum
399 2540 619 2637 ihndamiaamr
637 2597 666 2636 ut
679 2589 709 2635 sit
720 2603 805 2649 corpus
839 2585 861 2634 P
873 2587 896 2632 A
910 2585 932 2632 Β
944 2593 972 2630 ut
981 2582 1091 2630 semirota
1101 2579 1131 2629 ad
1141 2578 1322 2654 mmrcirculpm,
1333 2579 1379 2653 hoc
1388 2589 1432 2652 cst,
1442 2591 1470 2626 ut

167 2651 236 2714 cujus
247 2651 314 2700 locus
324 2652 438 2715 quaritur
448 2652 478 2700 ad
489 2668 574 2712 corpus
584 2653 648 2699 aliud
660 2651 804 2701 utdistantia
835 2648 914 2697 radius
927 2649 946 2695 C
960 2647 1025 2695 Gau
1035 2645 1127 2703 radium
1141 2644 1161 2692 C
1175 2643 1203 2691 P.
1241 2641 1342 2718 Hmc'sr
1358 2642 1470 2718 relocata

167 2717 221 2763 data
232 2717 304 2778 hujus
315 2733 330 2764 a
340 2726 421 2764 cantro
432 2716 551 2778 gravitatis
567 2716 687 2764 communi
703 2715 734 2763 ad
750 2730 803 2762 com
834 2713 908 2761 centri
922 2710 1049 2773 Caequalis
1059 2709 1089 2756 rit
1099 2708 1215 2755 velocitati
1225 2722 1327 2767 corporis
1343 2706 1368 2780 P
1385 2721 1411 2752 m
1424 2722 1469 2782 crr-

167 2790 262 2837 mum,
276 2781 300 2826 in
312 2790 417 2828 emmo
428 2780 499 2843 huju.
509 2791 579 2829 ηας,
590 2781 635 2828 0112
645 2780 711 2828 locus
721 2793 803 2841 corpo.
835 2776 891 2825 culo
900 2791 945 2823 suo
955 2774 1098 2826 revolventis,
1110 2772 1211 2819 trocho'a
1224 2770 1245 2818 P
1257 2771 1279 2818 L
1292 2770 1361 2845 luent
1379 2771 1469 2846 cyclon

166 2843 321 2929 rispunsitua
338 2844 402 2906 (60).
836 2840 955 2905 vulgaris3
972 2837 1112 2886 sirelocitas
1130 2835 1204 2884 centri
1225 2836 1337 2898 CmaJor
1356 2845 1467 2894 exuunt,

199 2910 210 2971 (
231 2910 240 2968 )
258 2914 313 2957 493.
333 2912 393 2958 Cum
403 2911 444 2957 loc
459 2918 525 2958 mota

165 2976 336 3034 commendas
353 2982 394 3028 ert,
414 2973 457 3019 &c-
494 2971 525 3020 lu

165 3035 287 3096 hypotheai
306 3037 377 3099 hujus
394 3035 525 3096 problema-

165 3099 203 3157 tis,
215 3114 311 3161 corpora
321 3100 370 3147 duo
384 3099 444 3147 circi
460 3116 525 3148 oom-

165 3179 238 3211 mune
269 3164 386 3223 pravitatis
418 3175 524 3212 centrum

165 3243 208 3276 ceu
218 3228 355 3275 umbilicum
364 3228 477 3276 sactiones
485 3245 524 3277 co-

166 3292 231 3340 aicae
249 3292 383 3340 describunt
403 3303 454 3354 (per
467 3295 521 3341 Cor.

165 3362 188 3404 9.
209 3357 278 3418 Ριορ.
299 3359 352 3417 58.)
376 3368 400 3404 ct
417 3357 471 3404 satis
489 3367 525 3407 est

166 3424 207 3484 (cx
230 3420 285 3468 noti
306 3421 431 3482 superiori)
453 3423 524 3470 unius

165 3485 268 3545 corporis
295 3495 387 3532 motum
414 3486 523 3533 determi-

165 3563 228 3596 nare.
261 3549 351 3611 Itaque,
361 3546 461 3611 erernpli
514 3579 523 3591 .

162 3611 207 3670 rit,
233 3629 317 3674 corpus
354 3614 375 3661 P
408 3566 523 3662 amnicis

167 3677 189 3725 Ρ
202 3679 224 3724 A
239 3677 261 3725 B
275 3677 300 3724 D
311 3677 458 3726 uniformiter
470 3678 521 3727 dct-

164 3742 238 3789 crinat
265 3741 410 3790 intereadum
441 3743 523 3790 circuli

163 3806 523 3866 centrumC.cumipsiuscircu-

165 3868 183 3916 li
192 3869 262 3930 plano
269 3871 412 3931 aquabilitcr
419 3882 525 3919 movetur

163 3935 548 4073 {rumilleilulhibiiue
558 4016 650 4063 semper
658 4002 738 4050 circuli
747 4002 796 4064 pla-
829 4001 873 4052 erit
885 4005 905 4054 P
918 4005 940 4053 L
953 4005 966 4053 1
978 4004 1078 4052 trochois
1089 4005 1220 4069 (biorgum,
1237 4006 1378 4057 sivelocitas
1388 4008 1459 4057 centri

165 4076 224 4110 num
235 4063 357 4109 mobilem
369 4064 439 4124 plano
457 4065 529 4128 hujus
547 4068 670 4114 schematis
690 4068 794 4115 immoto.
833 4070 853 4118 C
864 4070 947 4125 minor,
960 4070 1003 4116 erit
1017 4069 1037 4116 P
1050 4070 1071 4115 L
1087 4070 1097 4116 l
1110 4071 1209 4118 trochois
1220 4071 1345 4120 decurtata

167 4124 198 4174 ln
209 4126 271 4172 linea
284 4127 304 4175 C
318 4126 455 4189 Pcapiatur
468 4130 488 4176 C
502 4130 525 4176 G
542 4130 571 4176 ad
593 4132 613 4178 C
628 4131 648 4177 P
665 4131 690 4177 in
709 4132 798 4179 rationo
865 4134 901 4180 Sit
912 4148 976 4178 nunc
990 4134 1012 4179 A
1029 4134 1130 4180 Psectio
1141 4136 1229 4195 quavis
1239 4138 1320 4184 conica
1331 4138 1401 4200 cujus
1412 4154 1459 4184 rer·

163 4190 295 4237 velocitatis
304 4193 377 4239 centri
390 4193 410 4240 C
422 4208 463 4253 per
473 4193 559 4240 lineam
573 4195 593 4243 C
608 4196 631 4242 ll
647 4195 797 4257 progredien-
829 4208 868 4244 ter
883 4199 915 4254 Δ,
928 4197 1052 4244 umbilicus
1063 4213 1104 4242 sau
1116 4199 1200 4245 virium
1219 4210 1243 4247 et
1261 4202 1380 4262 gravitatis
1399 4218 1461 4248 crau·

165 4253 202 4308 tis.
214 4255 244 4301 nd
255 4255 400 4303 velocitatem
411 4259 514 4318 eorporis
527 4258 584 4305 Pin
594 4259 676 4308 circuli
691 4261 797 4321 peripho-
830 4275 903 4306 mune
914 4271 1020 4308 cautnrm
1031 4261 1058 4315 C,
1071 4261 1120 4306 axis
1131 4268 1304 4310 transversarii
1318 4267 1346 4320 C,
1355 4280 1460 4312 centrum

165 4317 201 4364 rii
219 4317 365 4376 revolventis,
385 4323 470 4369 rotaG
486 4322 542 4370 EF
559 4335 640 4370 ocnmo
659 4325 679 4371 C
699 4335 722 4370 et
733 4325 798 4370 radio
832 4325 1011 4373 Cunisormiter
1021 4336 1141 4370 moveatur
1158 4329 1182 4372 in
1199 4329 1261 4375 recti
1275 4329 1299 4376 D
1313 4331 1336 4376 n
1348 4330 1461 4390 positione

169 4382 190 4429 C
204 4382 226 4427 G
239 4381 352 4443 ‹te-cripi·
363 4400 432 4444 super
443 4386 549 4447 regulam
564 4388 586 4435 G
598 4387 624 4434 ll
636 4388 667 4435 ad
680 4389 702 4435 G
714 4389 734 4435 C
747 4404 800 4435 nor·
832 4387 894 4442 dati,
914 4399 939 4435 et
956 4403 1011 4434 curu
1031 4388 1073 4433 illo
1091 4389 1187 4448 planum
1207 4408 1284 4438 currae
1305 4395 1326 4440 A
1349 4395 1369 4441 l’
1382 4395 1411 4450 C,
1431 4393 1462 4440 iti

166 4445 252 4493 melem
267 4447 428 4507 progrediatur
438 4450 578 4497 revolvendo
597 4451 658 4499 circi
676 4467 744 4499 uem
761 4469 800 4499 su-
832 4452 984 4500 manasenwr
994 4451 1019 4497 iu
1031 4453 1102 4511 plano
1112 4455 1182 4517 hujus
1191 4458 1313 4503 schematis
1321 4458 1428 4513 immoto,
1437 4469 1462 4504 ur

166 4523 217 4564 um,
229 4519 251 4554 et
264 4521 378 4568 purrctrrm
393 4512 448 4559 Pin
460 4514 530 4573 pinno
547 4515 628 4562 circuli
642 4516 664 4564 G
680 4517 701 4564 E
716 4515 736 4563 F
754 4517 799 4562 im·
830 4516 881 4564 uis
894 4517 916 4562 A
931 4516 959 4567 C,
972 4525 1041 4561 recte
1055 4516 1076 4562 B
1091 4517 1123 4571 D,
1136 4519 1251 4576 positione
1261 4522 1321 4567 data
1332 4523 1362 4568 sit
1373 4535 1463 4582 semper

166 4584 260 4622 motum
272 4572 386 4622 describat
396 4575 485 4624 intercl
495 4579 639 4627 trochmdem
652 4580 674 4628 P
686 4580 709 4628 L
722 4580 733 4628 1
746 4597 800 4646 qua
830 4578 963 4642 parallelus.
995 4580 1063 4627 Dum
1074 4595 1157 4641 corpus
1170 4583 1226 4630 Pin
1238 4585 1308 4631 curvi
1322 4586 1344 4632 A
1358 4588 1378 4633 1¹
1389 4585 1462 4632 rcrol·
