3098 5534
592 420 855 487 PRAEFATIO.
1309 421 1365 484 xxi

62 590 236 673 tunendae,
259 608 376 682 quaet
388 596 460 682 ipsa
468 593 700 682 philosophiam
715 596 838 661 subruit
847 597 1033 674 universam,
1049 596 1102 661 vix
1111 588 1366 683 operaepretium

63 715 114 769 est
134 703 310 770 immorari.
357 703 420 769 Vel
443 704 527 768 enim
552 704 738 792 gravitatem
762 703 946 789 corporibus
972 703 1118 769 omnibus
1143 703 1274 768 inditam
1297 725 1366 769 esse

63 813 248 903 negabunt:
271 814 360 905 quod
377 827 484 880 temen
501 813 562 878 dici
587 835 652 877 non
671 825 793 899 potest:
817 814 866 878 vel
884 837 923 878 eo
942 816 1070 880 nomine
1088 829 1205 901 praeter
1221 828 1366 880 neutram

65 943 134 987 esse
146 910 362 1002 affirmabunt,
386 921 472 1010 quod
483 942 523 986 ex
537 920 606 986 aliis
621 941 789 1011 corporum
812 921 1028 987 affectionibus
1042 935 1136 1010 atque
1150 922 1223 988 ideb
1237 946 1278 988 ex
1292 945 1366 988 cau·

66 1031 108 1097 sis
120 1034 314 1099 mechanicis
335 1032 493 1121 originem
514 1054 582 1096 non
598 1030 721 1096 haheat.
765 1032 893 1097 Dantur
913 1014 998 1097 certe
1016 1035 1175 1119 primariae
1196 1055 1365 1120 corporum

62 1130 249 1207 affectiones
257 1165 267 1218 ς
289 1162 363 1229 quae
377 1142 615 1229 quoniamsunt
627 1140 795 1227 primariae,
819 1162 883 1205 non
897 1142 1038 1227 pendent
1052 1142 1093 1206 ab
1103 1142 1181 1206 aliis.
1219 1140 1366 1207 Viderint

63 1251 164 1341 igitur
182 1273 292 1317 annon
314 1262 349 1318 et
368 1252 420 1315 hae
449 1274 558 1317 omnes
582 1254 645 1316 siut
667 1252 785 1336 pariter
806 1263 924 1336 praeter
946 1264 1100 1329 naturam,
1125 1273 1226 1338 eoque
1248 1250 1366 1336 pariter

61 1360 263 1449 rejideadm
287 1360 424 1427 viderint
438 1359 514 1426 verb
524 1359 625 1448 qualis
640 1360 681 1424 sit
695 1359 810 1424 deinde
824 1359 930 1423 futura
943 1357 1153 1444 philosophia.

108 1452 268 1537 Nonnulli
285 1484 360 1536 sunt
379 1471 492 1557 quibus
508 1470 578 1535 hoec
601 1484 668 1536 tota
681 1471 812 1557 physica
820 1471 955 1536 coelestis
970 1471 1020 1535 vel
1038 1469 1112 1536 ideb
1131 1469 1235 1535 minias
1249 1471 1363 1557 placet,

63 1578 153 1669 qubd
170 1600 246 1645 cum
264 1579 401 1645 cartesii
420 1578 621 1667 dogmatibus
638 1599 781 1667 pugnare
799 1589 832 1642 et
851 1579 905 1641 vix
923 1578 1083 1642 conciliari
1099 1601 1194 1665 posse
1212 1579 1363 1643 videatur.

62 1686 206 1781 His-sut
225 1686 334 1753 licebit
351 1686 500 1773 opinione
516 1685 596 1764 frui3
620 1707 661 1749 ex
677 1708 771 1774 oequo
791 1698 896 1750 autem
914 1697 1011 1773 agant
1028 1697 1176 1770 oportet:
1199 1707 1265 1749 non
1287 1706 1365 1773 ergo
1461 1740 1472 1759 ,

62 1797 273 1886 denegabunt
291 1796 359 1861 aliis
371 1795 505 1862 eandem
523 1795 700 1861 libertatern
715 1817 810 1881 quam
829 1795 888 1858 sibi
908 1794 1039 1859 concedi
1053 1792 1224 1878 postulant.
1270 1792 1364 1856 New-

62 1904 228 1970 mnisnam
257 1905 363 1990 itaque
393 1902 637 1988 philosophiam,
661 1924 732 1991 quoe
755 1902 847 1966 nobis
870 1902 974 1966 verior
998 1902 1143 1981 habetur,
1175 1901 1309 1967 retinere
1332 1912 1365 1966 et

60 2011 212 2097 amplecti
243 2009 359 2088 licebit,
383 2024 417 2074 et
439 2032 548 2074 causas
570 2011 659 2097 sequi
687 2022 746 2095 per
769 2008 978 2095 phaenomena
1005 2010 1235 2093 comprobatas,
1258 2005 1363 2096 potitis

60 2144 159 2211 quum
173 2121 266 2186 limas
286 2134 320 2186 et
335 2121 478 2185 nondum
496 2121 726 2206 comprobatas.
771 2118 826 2185 Ad
841 2140 946 2183 veram
969 2116 1201 2203 philosophiam
1215 2118 1362 2204 pertinet,

60 2254 171 2298 rerum
190 2245 322 2298 naturas
337 2254 378 2296 ex
392 2233 495 2297 causis
510 2230 583 2296 vere
599 2230 805 2295 existentibus
821 2228 984 2294 derivare:
1008 2249 1061 2290 aas
1085 2224 1160 2290 verb
1175 2226 1261 2314 leges
1277 2249 1364 2314 quoe·

58 2358 142 2417 rere,
166 2340 285 2433 quibus
299 2340 400 2404 voluit
418 2361 557 2403 summus
582 2336 688 2424 opifex
711 2337 798 2402 hunc
817 2335 928 2401 mundi
944 2333 1193 2420 pulcherrimum
1218 2335 1363 2400 ordinem

60 2444 222 2524 stabilire3
245 2469 311 2510 non
325 2468 379 2511 eas
394 2446 507 2533 quibus
521 2446 635 2530 potuit,
658 2445 685 2508 si
703 2445 746 2509 its
760 2445 862 2508 visum
876 2443 995 2506 fuisset.
1043 2441 1171 2506 Rationi
1186 2442 1269 2506 enim
1285 2464 1364 2508 con·

61 2578 175 2619 sonum
192 2567 252 2634 est,
275 2570 312 2620 ut
325 2578 346 2619 a
358 2552 502 2640 pluribus
514 2553 625 2631 musis,
645 2553 686 2617 ab
703 2553 837 2618 invicem
852 2551 995 2615 nonnihil
1010 2550 1151 2629 diversis,
1168 2551 1252 2615 idem
1265 2552 1365 2637 possit

60 2662 194 2729 effectus
217 2660 398 2750 proficisci:
421 2660 492 2727 hae'c
516 2675 621 2728 autem
642 2685 717 2726 vera
737 2662 797 2727 erit
814 2685 917 2740 causa,
942 2684 982 2726 ex
1002 2661 1268 2750 quaterentque
1291 2675 1364 2728 actu

59 2773 295 2859 proficiscitur3
317 2774 448 2860 reliquae
462 2773 567 2837 locum
589 2795 655 2837 non
672 2772 791 2837 habent
812 2774 845 2837 in
864 2772 1065 2858 philosophici
1086 2772 1169 2837 seri.
1214 2774 1254 2839 In
1270 2773 1364 2837 horo-

61 2878 153 2971 logiis
180 2881 353 2945 automatis
370 2879 455 2945 idem
475 2879 586 2944 indicis
607 2879 726 2943 horarii
743 2893 847 2944 motus
861 2878 912 2944 vel
932 2879 973 2943 ab
992 2900 1133 2964 appenso
1150 2880 1293 2965 pondere'
1314 2878 1364 2944 vel

62 2986 102 3053 nb
114 2989 202 3054 intus
218 2987 371 3052 concluso
385 2987 501 3052 elatere
520 2986 597 3050 oriri
612 2998 727 3072 potest.
773 2985 872 3061 Quod
886 2985 913 3049 si
938 2985 1080 3049 oblatum
1094 2984 1293 3073 horologium
1314 3008 1364 3051 re·

63 3095 135 3161 vert
147 3097 190 3162 sit
205 3096 396 3159 instructum
415 3093 576 3180 pondere3
599 3092 754 3159 ridebitur
779 3090 836 3180 qui
847 3092 947 3180 finget
972 3091 1131 3169 elaterem,
1155 3105 1244 3156 etex
1261 3091 1363 3179 hypo-

64 3204 141 3271 thesi
155 3206 205 3269 sic
218 3201 424 3291 praepropere
439 3200 573 3266 conficti
589 3213 711 3265 motum
726 3199 839 3264 indicis
859 3198 1018 3283 explicare
1033 3198 1199 3283 suscipiet:
1223 3201 1365 3283 oportuit

64 3315 144 3380 esaim
157 3314 319 3378 internam
334 3313 488 3377 machinae
502 3310 653 3376 fabricam
667 3309 804 3396 penitius
823 3309 1023 3394 perscrutari,
1046 3322 1083 3374 ut
1102 3309 1144 3373 ita
1169 3310 1274 3374 motuis
1287 3332 1364 3394 pro-

64 3422 154 3506 positi
168 3420 364 3507 principium
388 3441 497 3484 verum
511 3418 710 3503 exploratum
726 3416 843 3481 habere
857 3428 974 3502 posset.
1021 3416 1111 3482 Idem
1131 3416 1180 3482 vel
1200 3438 1265 3481 nou
1280 3418 1364 3483 absi·

66 3530 133 3596 mile
148 3529 273 3595 feretur
285 3528 443 3615 judicium
464 3528 505 3593 de
518 3527 716 3614 philosophis
731 3526 803 3606 illis,
826 3526 882 3612 qui
901 3525 1031 3591 materiai
1047 3527 1183 3614 quidam
1198 3526 1363 3594 subtilissi-

66 3638 111 3703 mi
124 3636 227 3705 coelos
242 3660 313 3702 esse
327 3636 474 3724 repletos,
496 3637 579 3702 hanc
593 3651 699 3703 autem
708 3638 740 3701 in
752 3639 885 3704 vortices
900 3639 1113 3704 indesinenter
1123 3640 1174 3726 agi
1185 3639 1361 3704 voluerunt.

67 3746 147 3813 Nam
161 3745 415 3833 a.phaenomenis
430 3745 481 3811 vel
494 3743 726 3811 accuratissime
741 3746 919 3812 satisfacere
935 3759 1066 3831 possent
1080 3769 1121 3811 ex
1136 3745 1362 3832 hypothesibus

67 3855 145 3932 suis3
167 3874 279 3918 verum
293 3866 397 3918 tamen
410 3852 644 3939 philosophiam
659 3852 835 3932 tradidisse,
859 3867 994 3919 etseras
1009 3877 1118 3919 musas
1140 3867 1283 3919 motuum
1298 3877 1362 3919 coe·

67 3963 190 4030 lestium
203 3963 362 4028 invenisse
375 3963 519 4028 nondum
536 3962 662 4029 dicendi
685 3975 778 4041 sunt3
800 3964 861 4028 nisi
883 3963 932 4028 vel
947 3962 1005 4028 hus
1020 3962 1129 4028 reversi
1144 3965 1286 4040 existere,
1312 3962 1361 4027 vel

68 4075 175 4140 saltem
185 4076 264 4141 alias
274 4097 339 4139 non
355 4076 490 4140 existere
504 4073 796 4140 demonstraverint
843 4073 944 4161 Igitur
959 4071 986 4137 si
1000 4086 1161 4139 ostensum
1176 4071 1278 4150 luerit,
1291 4050 1362 4136 uni·
1406 4076 1409 4081 '

68 4204 227 4248 versorum
246 4204 418 4268 corporum
432 4182 650 4246 attractionem
670 4173 788 4245 habere
802 4202 910 4245 verum
926 4180 1030 4244 locum
1054 4181 1087 4243 in
1101 4200 1206 4244 rerum
1229 4177 1360 4256 naturi3

67 4294 237 4383 quinetiam
252 4307 412 4359 ostensum
426 4292 530 4371 iirerit,
555 4292 616 4379 qui
637 4292 758 4357 ratione
774 4303 879 4357 motus
894 4314 1004 4357 omnes
1024 4291 1166 4357 coelestes
1181 4290 1295 4356 abinde
1310 4313 1361 4356 so·
1373 4282 1392 4292 ⁴

67 4400 216 4468 lationem
250 4400 423 4486 recipisse
442 4422 524 4464 vana
545 4393 640 4464 fuerit
664 4413 696 4465 et
719 4397 833 4464 meritb
857 4398 1030 4465 deridenda
1053 4397 1198 4483 objectio,
1232 4399 1260 4463 si
1290 4401 1360 4486 quis

70 4507 178 4578 tuerit
190 4506 322 4575 eosdem
337 4518 444 4572 motus
458 4528 516 4592 per
530 4507 664 4573 vorfices
679 4506 828 4592 explicari
844 4507 970 4585 debere,
994 4506 1116 4571 etiamsi
1135 4506 1167 4571 id
1184 4504 1252 4575 heri
1266 4530 1361 4594 posse

706 4619 722 4664 u
738 4621 754 4664 a
