3098 5534
738 818 780 868 In

533 1020 622 1083 vnn
643 1021 994 1089 PRAESTANTISSIMI

396 1230 674 1320 IsAACJ
721 1224 1133 1327 NEWTONI

228 1488 366 1564 onus
395 1486 570 1565 noces
596 1452 1301 1587 nrrnnmarrcornrsrcun,
1346 1606 1349 1611 Ι

539 1717 647 1757 slent!
662 1717 835 1768 sammua
849 1718 977 1763 80er

465 1870 669 1980 naeus
704 1914 1055 1982 sannorum.

245 2364 320 2457 Eu
336 2391 394 2456 tibi
408 2414 519 2456 norma
531 2391 607 2477 poli,
624 2404 656 2456 et
670 2391 752 2456 divae
766 2390 932 2463 libramina
946 2390 1047 2471 molis,

231 2504 234 2509 ’
249 2500 426 2585 Computus
440 2522 479 2565 an
494 2498 581 2565 Joris
588 2524 599 2576 ;
614 2514 646 2565 et
660 2522 748 2586 quas,
764 2498 841 2564 dum
854 2499 1028 2585 primordia
1042 2522 1147 2566 terum

247 2606 414 2694 Pangeret,
431 2601 630 2691 omniparens
644 2606 729 2694 leges
743 2606 861 2671 violare
877 2605 1010 2672 Creator

248 2712 368 2790 Noluit,
387 2726 480 2799 atque
495 2734 626 2797 operum
641 2735 712 2800 quse
726 2711 929 2777 fundamenta
942 2712 1062 2781 loctrit

247 2821 365 2886 Intima
378 2821 560 2905 panduntur
574 2821 646 2886 victi
660 2821 832 2907 penetralia
852 2821 933 2902 ooeli,

176 2912 182 2921 ⁸
247 2931 319 2998 Nec
333 2931 409 2996 latet
423 2943 580 2996 extremos
595 2953 667 3019 quoe
680 2931 727 2995 vis
742 2930 944 2996 circumtonat
957 2930 1060 2999 orbes.

247 3041 305 3106 sol
319 3040 397 3106 solio
412 3040 552 3105 residens
567 3040 607 3105 ad
623 3063 656 3105 se
665 3040 757 3126 jubet
771 3040 876 3105 omnia
889 3062 992 3127 prono

246 3144 395 3212 Tendere
409 3147 571 3224 descensu,
587 3169 645 3213 nec
660 3160 746 3213 recto
761 3138 884 3211 tramite
899 3156 1010 3213 currus

247 3251 394 3320 Sidereos
407 3254 525 3339 patitur
539 3267 659 3319 vastum
674 3276 732 3340 per
747 3253 842 3318 inane
854 3255 974 3318 moveri
980 3278 991 3331 ς

247 3359 310 3425 Sed
325 3360 567 3444 rapitjmmotis,
585 3383 618 3465 se
633 3372 751 3438 centro,
767 3359 890 3448 singula
902 3360 1000 3447 gyris.

243 3466 316 3530 Jam
330 3479 417 3550 patet
427 3464 582 3531 horrificis
596 3489 668 3553 qnoe
682 3468 722 3532 sit
735 3466 786 3532 via
799 3468 883 3532 flexa
897 3467 1044 3545 cometis3

242 3576 316 3643 Jam
330 3599 394 3640 non
410 3578 561 3640 miramur
573 3576 695 3642 barbati
710 3575 917 3661 phaenomena
931 3577 1015 3640 astri.

244 3687 404 3751 Discimus
419 3686 493 3749 hinc
507 3685 634 3750 tandem
650 3685 711 3770 qud
727 3683 820 3750 causd
835 3696 983 3772 argentee
1001 3683 1118 3749 Phoebe

246 3794 394 3859 Passibns
408 3792 495 3858 haud
509 3795 608 3880 aequis
622 3792 784 3880 graditur3
799 3814 857 3859 cur
871 3790 995 3856 subdita
1010 3790 1087 3855 nulli

244 3905 411 3970 Hactenus
426 3918 607 3968 astronomo
621 3925 826 3966 numerorum
840 3900 940 3965 froena
959 3913 1100 3964 recuset:

243 4011 311 4075 Cur
325 4026 465 4076 remeant
480 4010 565 4084 nodi,
582 4033 700 4096 curque
714 4033 811 4097 auges
825 4008 1079 4096 progrediuntur.

244 4118 404 4182 Discimus
418 4132 451 4182 et
465 4118 589 4204 quantis
605 4117 735 4181 refluum
752 4139 832 4203 vaga
848 4114 984 4200 Cynthia
998 4126 1129 4199 pontum

244 4226 372 4290 Viribus
388 4227 529 4311 impellit,
545 4225 634 4290 fessis
650 4226 725 4290 dum
739 4225 886 4289 fluctibus
903 4225 1006 4289 ulvum

245 4331 383 4411 Deserit,
400 4357 437 4398 ac
451 4333 555 4397 nautis
570 4345 728 4417 suspectas
744 4330 843 4395 nudat
857 4353 987 4406 arenas3

247 4440 385 4505 Alternis
400 4441 519 4506 vicibus
534 4463 679 4525 suprema
693 4440 734 4506 ad
748 4440 854 4504 littora
867 4439 1005 4522 pulsans.
