3098 5534
680 360 748 402 XXX

199 511 282 588 Quae
297 511 388 575 toties
403 511 524 574 animos
539 523 679 575 veterum
701 522 819 576 torsere
834 508 1016 595 sophorum,

66 666 77 682 .
199 621 344 705 Quaeque
359 618 481 682 scholas
496 617 611 682 frustra
626 641 721 682 rauco
736 619 903 682 certamine
919 630 1042 694 vexant,

202 729 307 794 Obvia
321 728 538 812 conspicimus,
555 727 672 792 nubem
688 726 825 812 pellente
839 727 981 790 mathesi.

200 841 274 905 Jam
289 839 402 904 dubios
416 838 504 903 nulli
517 838 651 926 caligine
664 850 844 926 praegravat
858 858 957 914 error,

70 1020 74 1026 ¹
201 948 301 1025 Queie
315 946 465 1032 superum
477 960 642 1031 penetrare
657 944 768 1010 domos
782 959 877 1033 atque
891 944 990 1010 ardua
1004 941 1076 1008 ooeli

202 1055 361 1121 Scandere
375 1054 517 1120 sublimis
531 1054 617 1142 genii
630 1055 785 1119 concessit
798 1076 940 1119 acumen.

246 1165 383 1252 Surgite,
400 1164 557 1242 mortales,
573 1177 712 1235 temnas
726 1165 839 1229 mittite
854 1187 962 1241 curas3

199 1276 306 1361 Atque
319 1274 394 1338 hinc
408 1274 571 1361 coeligenae
585 1274 666 1338 vires
681 1273 856 1361 dignoscite
870 1273 994 1351 mentis,

198 1384 231 1448 A
246 1382 403 1468 pecudum
418 1383 481 1446 vita
496 1380 592 1469 longe
607 1381 732 1469 lateque
746 1395 886 1446 remotoe.

202 1490 269 1567 Qui
282 1489 406 1575 scriptis
415 1490 509 1575 jussit
521 1489 636 1554 tabulis
651 1510 848 1575 compescere
862 1489 976 1566 cades,

203 1601 301 1664 Furta
314 1611 346 1662 et
360 1597 522 1675 adulteria,
538 1611 570 1662 et
583 1599 719 1683 pen'urae
733 1600 865 1663 crimina
879 1596 1016 1675 fraudis3

201 1708 307 1784 Quive
320 1706 408 1793 vagis
421 1707 546 1791 populis
560 1707 746 1772 circundare
759 1707 916 1772 moenibua
930 1708 1025 1772 urbes

201 1815 325 1879 Auctor
338 1824 422 1888 erat;
446 1812 610 1877 Cererisve
623 1814 728 1878 beavit
741 1836 871 1878 munere
885 1827 995 1904 gentes
1006 1839 1016 1889 ς

199 1920 260 1983 Vel
276 1919 329 2005 qui
344 1938 490 1983 curarum
504 1919 640 1985 lenimen
654 1923 768 2006 pressit
781 1921 823 1986 ab
836 1924 916 1998 urd;

201 2031 261 2094 Vel
277 2031 331 2116 qui
348 2027 467 2094 Niliaea
482 2031 668 2095 monstravit
681 2031 835 2096 arundine
848 2032 950 2115 pictos

202 2138 391 2203 Consociare
406 2158 510 2215 sonos,
526 2139 687 2225 oculisque
701 2160 861 2223 exponere
874 2161 985 2215 vooes3

201 2244 387 2310 Humanam
400 2256 516 2307 sortem
529 2245 634 2309 minus
649 2245 777 2309 extulit:
801 2259 911 2330 utpote
923 2268 1025 2331 pauca

203 2350 386 2435 Respiciens
400 2351 523 2415 miserm
537 2363 660 2416 tantum
674 2353 827 2417 solamina
839 2354 923 2418 ritae.

198 2460 272 2524 Jarn
286 2480 363 2522 vero
377 2459 497 2544 superis
512 2460 652 2523 conviva
665 2459 869 2540 admittimur,
884 2460 940 2525 alti

199 2565 221 2629 J
222 2587 280 2628 ura
292 2563 358 2648 poli
372 2577 505 2628 tractare
519 2565 601 2643 lieet,
617 2567 746 2652 jamque
759 2566 867 2632 abdita
879 2588 972 2632 wear

199 2672 346 2736 Claustra
358 2683 468 2756 patent
481 2672 602 2751 Terrae,
618 2695 786 2761 rerumque
798 2675 968 2740 immobilis
981 2675 1072 2754 ordo,

199 2781 243 2846 Et
257 2804 328 2867 quae
341 2782 492 2866 preteriti
505 2781 666 2847 latuerunt
678 2783 783 2848 secula
796 2784 916 2848 mundi.

243 2887 337 2952 Talia
350 2902 576 2953 monstrantem
595 2912 720 2955 mecum
734 2892 889 2956 celebrate
900 2893 1058 2971 carnoenis,

199 2995 267 3058 Vos
284 2994 501 3059 Ocoelicolurn
515 2997 687 3084 gaudentes
698 3013 824 3064 nectare
837 3001 931 3078 vesci,

204 3105 391 3168 Newtonum
406 3104 502 3168 clausi
516 3119 707 3171 reserantem
726 3108 841 3171 scrinia
854 3110 930 3186 reri,

202 3211 391 3276 Newtonum
408 3211 513 3276 Musis
527 3212 667 3291 charum,
683 3215 734 3277 cui
748 3228 875 3300 pectore
894 3236 977 3300 puro

203 3318 343 3384 Phoebus
358 3319 457 3397 adest,
482 3333 610 3407 totoque
624 3321 750 3386 incessit
763 3323 891 3386 numine
906 3322 1060 3388 mentem:

200 3426 270 3492 Nec
285 3427 330 3492 fas
343 3440 391 3493 est
403 3430 533 3515 propius
544 3431 666 3494 mortali
681 3431 834 3520 attingere
849 3432 947 3498 divos.

1016 3587 1131 3684 nnnc
1157 3589 1368 3660 nascar.
