3098 5534
198 369 252 428 xis
734 362 960 429 EDITORIS

196 550 326 622 potente
346 538 481 623 predita
504 536 685 615 subtilitate,
708 538 908 624 monlmsque
932 537 1062 601 occultis
1084 537 1219 624 agitata3
1236 537 1304 622 jam
1317 536 1359 600 ad
1373 536 1496 601 somnia

196 643 396 721 delabuntur,
420 644 562 732 neglecti
583 667 688 709 rerum
702 645 925 708 constitutione
939 665 1030 708 vera.
1053 666 1126 729 quse
1140 665 1215 707 sane
1202 642 1343 706 fruens
1357 642 1496 727 petenda

197 752 478 819 cstexsallaeibus
492 753 690 839 conjecturis,
713 750 786 815 crim
801 752 855 815 vix
871 752 966 816 etiam
987 772 1046 836 per
1060 750 1496 816 cerussrmasohserranones

196 861 377 948 investigari
394 861 503 946 possit
548 861 616 942 Qui
639 859 888 945 spccrrlationum
908 881 1037 924 suarm
1060 857 1300 924 fundamentum
1324 858 1496 924 desumunt

196 972 238 1036 ab
248 971 494 1058 hypothesibus3
516 975 639 1038 etiamst
629 970 765 1036 deinde
774 970 948 1035 secundum
956 970 1043 1058 leges
1053 970 1251 1035 mechanicas
1262 968 1496 1035 accuratissimi

197 1082 372 1168 procedant
378 1107 388 1160 ς
410 1082 547 1148 fabulam
561 1083 691 1169 quidem
704 1081 881 1170 elegantem
892 1080 972 1144 sorte
986 1094 1020 1145 et
1032 1095 1206 1160 venustam
1229 1082 1367 1147 fabulam
1388 1094 1496 1145 tamer

196 1192 386 1257 concinnare
400 1193 528 1257 dicendi
541 1205 626 1256 sunt.

243 1303 446 1388 Relinquitur
459 1301 541 1368 adeo
564 1301 692 1366 tertium
716 1323 828 1389 genus,
850 1301 905 1387 qui
918 1301 1152 1386 philosophiam
1166 1304 1284 1368 scilieet
1297 1299 1496 1385 expertum-

197 1412 293 1478 talem
308 1410 505 1496 profitentur.
551 1410 600 1475 Hi
614 1409 743 1496 quidem
757 1431 800 1474 ex
814 1409 1049 1494 simplicissimis
1063 1412 1178 1497 quibus
1185 1426 1319 1496 possunt
1331 1407 1495 1496 principiis

197 1543 305 1588 rerum
322 1520 464 1584 omnium
477 1541 587 1583 causas
612 1517 799 1582 derivandas
809 1540 879 1582 esse
894 1517 1020 1582 volunt:
1044 1519 1123 1583 nihil
1136 1534 1242 1584 autem
1256 1519 1404 1604 principii
1424 1517 1498 1581 loco

190 1639 372 1704 amomum,
395 1624 483 1712 quod
506 1624 649 1689 nondum
671 1647 712 1689 ex
725 1623 944 1709 phrenomeuis
968 1626 1209 1709 comprohatum
1228 1625 1332 1691 strerit.
1378 1625 1497 1710 Hypo·

196 1737 303 1804 theses
317 1760 382 1802 nou
396 1736 686 1813 comminiscuntur,
709 1758 812 1821 neque
834 1735 868 1798 in
882 1733 1045 1820 physicam
1068 1736 1234 1819 recipiunt,
1258 1736 1319 1800 nisi
1341 1748 1378 1801 ut
1391 1757 1494 1820 quu-

197 1848 301 1912 tioncs
315 1845 356 1910 de
369 1867 504 1931 quarum
518 1845 648 1909 veritate
665 1842 852 1927 disputetur.
898 1842 1029 1926 Duplici
1052 1844 1158 1930 itaque
1171 1842 1321 1908 methodo
1335 1842 1498 1918 incedunt,

197 1953 353 2041 analyticd
368 1966 401 2018 et
414 1951 598 2039 syntheticri.
644 1950 776 2016 Naturoe
802 1951 886 2016 vires
910 1951 1059 2039 legesque
1083 1952 1197 2016 virium
1223 1951 1429 2035 simpliciores
1458 1972 1500 2014 ex

199 2059 321 2126 selectis
336 2058 523 2146 quibusdam
537 2056 755 2143 phaemmis
769 2057 979 2144 peranalysin
994 2058 1165 2137 deducunt,
1188 2082 1230 2124 ex
1255 2059 1369 2147 quibus
1384 2059 1500 2125 deinde

198 2192 257 2258 per
271 2167 436 2256 synthesin
450 2167 642 2255 reliquorum
657 2167 912 2232 constitutionem
934 2167 1073 2234 tradunt.
1120 2169 1204 2234 Haec
1218 2170 1273 2235 illa
1294 2185 1342 2235 est
1359 2170 1501 2256 philoso-

197 2274 319 2364 phandi
333 2276 413 2339 ratio
427 2275 521 2363 longe
536 2276 668 2359 optima,
691 2297 786 2361 quam
800 2296 868 2360 prae
883 2277 1005 2341 caeteris
1018 2274 1132 2341 meritb
1154 2277 1407 2362 amplectendam
1427 2300 1502 2341 cen-

198 2385 261 2449 suit
283 2383 505 2449 celeberrimus
526 2397 637 2448 auctor
658 2395 776 2447 noster.
824 2382 921 2446 Hanc
941 2383 1042 2446 solam
1067 2384 1176 2470 utique
1198 2385 1328 2474 dignam
1336 2385 1502 2471 judicavit,

199 2496 233 2559 in
248 2493 309 2582 qud
325 2494 495 2560 excolendi
510 2507 603 2580 etque
619 2490 803 2556 adornandi
820 2513 948 2575 operam
963 2515 1053 2558 suam
1067 2493 1244 2558 collocaret.
1288 2495 1396 2579 Hujus
1408 2495 1504 2582 igitur

199 2602 442 2667 illustrissimum
456 2601 545 2665 dedit
559 2599 750 2684 exemplum,
766 2599 918 2663 mundani
933 2622 1048 2683 nempe
1063 2602 1238 2686 systematis
1260 2601 1502 2686 explicationem

201 2709 357 2777 etheorii
378 2709 540 2798 gravitatis
561 2705 738 2772 felicissime
760 2706 939 2771 deductam.
986 2706 1157 2771 Gravitatis
1183 2709 1330 2773 virtutem
1352 2710 1503 2774 universis

200 2810 385 2903 corporibus
400 2817 513 2895 inesse,
529 2814 676 2900 suspicati
692 2825 765 2877 sunt
781 2812 831 2877 vel
845 2812 1008 2877 finxerunt
1024 2813 1097 2878 alii:
1119 2814 1240 2899 primus
1252 2815 1304 2878 ille
1319 2829 1351 2905 et
1362 2816 1448 2881 solus
1462 2841 1503 2883 ex

200 2927 392 3014 appetentiis
414 2925 630 2990 demonstrare
648 2922 761 3007 potuit,
785 2936 818 2988 et
843 2922 1107 3007 speculationibus
1129 2925 1264 3014 egregiis
1289 2925 1503 2993 firmissimum

200 3056 320 3123 ponere
334 3031 582 3097 fundamentum.

247 3145 320 3211 scio
335 3142 480 3230 equidem
494 3140 664 3205 nonnullos
679 3142 786 3229 magni
801 3143 895 3208 etiam
910 3146 1047 3209 nominis
1058 3147 1152 3223 viros,
1167 3146 1358 3232 praejudiciis
1373 3148 1502 3234 quibus-

202 3254 276 3320 dam
290 3252 362 3338 plus
373 3274 465 3338 aequo
480 3264 660 3336 occupatos,
683 3251 759 3316 huic
773 3276 857 3318 novo
871 3255 1027 3339 principio
1041 3255 1127 3343 segre
1141 3259 1285 3323 assentiri
1298 3260 1449 3343 potuisse,
1472 3275 1503 3324 et

204 3365 297 3432 certis
326 3364 446 3428 incerta
470 3361 642 3426 identidem
671 3363 859 3446 praetulisse.
906 3364 1036 3429 Horum
1056 3364 1171 3430 samam
1197 3367 1341 3431 vellicare
1370 3390 1435 3431 non
1459 3382 1506 3433 est

202 3477 344 3542 animus:
367 3474 424 3538 tihi
437 3473 553 3558 potius,
576 3472 730 3537 benevole
746 3474 854 3552 lector,
878 3474 932 3537 illa
946 3476 1053 3557 paucis
1077 3498 1236 3560 exponere
1251 3478 1348 3556 lubet,
1372 3501 1413 3542 ex
1435 3480 1504 3565 qui·

202 3584 264 3649 bns
279 3595 345 3648 tute
356 3583 424 3666 ipse
433 3579 590 3665 judicium
605 3602 670 3643 non
682 3581 825 3667 iniquum
837 3582 927 3646 feras.

250 3692 352 3779 Igitur
366 3701 402 3753 ut
427 3686 604 3774 argumenti
630 3700 771 3752 sumatur
795 3689 961 3754 exordium
976 3715 996 3755 a
1015 3694 1251 3778 simplicissimis
1277 3709 1309 3762 et
1330 3696 1505 3781 proximis3

204 3801 405 3889 dispiciamus
431 3795 591 3882 paulisper
614 3797 714 3883 qualis
740 3798 835 3862 sitin
861 3803 1061 3868 terrestribus
1086 3818 1198 3870 natura
1212 3809 1383 3894 gravitatis,
1400 3821 1436 3872 ut
1450 3807 1506 3871 de-

204 3913 279 3978 inde
290 3910 387 3977 tutids
405 3905 649 3995 progrediamur
671 3907 726 3970 ubi
747 3907 789 3971 ad
811 3930 945 3993 corpora
965 3910 1112 3991 coelestia,
1135 3914 1316 4002 longissime
1339 3940 1358 3980 a
1380 3916 1507 3980 sedibus

204 4021 318 4086 nostris
341 4028 472 4092 remota,
494 4025 682 4099 perventum
706 4013 810 4078 fuerit.
857 4015 1013 4081 Convenit
1033 4020 1100 4103 jam
1124 4021 1207 4086 inter
1232 4045 1340 4087 omnes
1366 4023 1508 4107 philoso-

204 4128 296 4215 phos,
313 4146 447 4210 corpora
461 4121 607 4186 universa
621 4120 900 4187 circumterrestria
917 4125 1074 4210 gravitate
1095 4127 1128 4191 in
1151 4143 1277 4194 terram.
1323 4129 1420 4194 Nulla
1439 4130 1509 4194 dari

206 4257 340 4321 corpora
361 4231 434 4297 vere
455 4230 547 4308 levia,
565 4228 754 4315 jamdudum
776 4231 973 4297 confirmavit
995 4234 1189 4317 experientia
1202 4235 1378 4319 multiplex.
1424 4237 1509 4315 Qum

207 4349 321 4415 dicitur
336 4344 445 4408 levitas
460 4341 599 4420 relativa,
616 4354 745 4407 nonest
763 4364 838 4406 vera
850 4341 971 4419 leuitas,
994 4342 1051 4405 sed
1069 4365 1223 4429 apparens
1237 4344 1455 4424 solummodo;
1478 4369 1508 4417 er

209 4460 309 4532 oritur
323 4480 343 4520 a
357 4455 564 4541 praepollente
580 4453 734 4542 gravitate
752 4476 922 4538 corporum
936 4451 1167 4539 contiguorum.

253 4564 366 4642 Porri),
391 4577 426 4628 ut
440 4585 575 4648 corpora
590 4564 737 4629 universa
765 4566 922 4652 gravitent
941 4563 973 4626 in
992 4575 1120 4642 terram,
1147 4566 1192 4631 ita
1212 4579 1296 4632 terra
1322 4569 1453 4634 viciss'mr
1477 4572 1509 4636 in
