3074 5520
129 432 192 492 tlt
450 418 794 487 PHILOSOPHIAE
816 418 1101 488 NATURALIS
1162 420 1280 502 [Mor.
1295 422 1413 488 (ἓοιωι

130 595 235 683 quoad
264 592 449 660 densitatem
471 616 570 671 suam,
603 615 707 680 neque
728 593 833 679 quoad
853 594 916 658 vim
937 593 1070 658 insitam
1097 606 1159 658 aut
1186 594 1323 681 figuram
1349 616 1419 657 suan

129 713 278 779 mutatur,
295 700 470 764 movebitur
488 699 599 764 eidem
613 699 682 786 lege
697 721 733 763 ac
747 699 852 784 prius:
876 712 908 764 et
922 711 1046 777 conus,
1072 699 1102 764 si
1116 700 1255 764 vorticis
1272 722 1341 784 pars
1359 722 1416 763 oon

129 810 234 898 gelata
248 820 279 873 et
292 808 394 873 solida
408 807 547 893 ejusdem
562 808 603 872 sit
616 807 777 871 densitatis
799 828 872 872 cum
893 807 1016 894 reliquo
1039 807 1182 884 vortice,
1212 821 1247 870 et
1268 806 1413 870 resolvatur

130 917 163 981 in
178 917 320 996 fluidum,
343 916 519 980 movebitur
532 915 601 980 haec
615 914 725 980 eidem
739 915 809 1004 lege
823 938 860 980 ac
873 917 971 1001 prius,
994 914 1059 981 nisi
1075 914 1243 1002 quitenus
1258 917 1349 1000 ipsius
1358 938 1411 1001 pu·

130 1022 237 1086 ticulae
257 1024 325 1106 jam
349 1021 454 1085 fluidoe
478 1021 569 1085 factoe
593 1033 778 1086 moveantur
803 1022 884 1086 inter
909 1044 952 1086 se.
997 1021 1204 1109 Negligstur
1227 1021 1406 1108 igiturnutu

130 1131 354 1215 particularum
368 1132 449 1196 inter
463 1154 506 1208 se,
533 1144 682 1217 tanquam
697 1131 738 1194 ad
752 1131 846 1196 totius
860 1143 982 1195 motum
1007 1130 1261 1216 progressivum
1283 1129 1326 1192 nil
1343 1151 1401 1213 apuu

130 1248 212 1314 tans,
239 1250 272 1302 et
290 1250 394 1301 motus
415 1238 519 1301 totius·
533 1238 616 1302 idem
631 1237 691 1302 erit
704 1261 741 1302 ac
754 1238 852 1323 prius.
896 1236 1009 1303 Motus
1029 1251 1148 1301 autem
1172 1236 1262 1301 idem
1287 1238 1342 1302 erit
1356 1260 1404 1301 cun

131 1355 219 1407 motu
241 1342 372 1406 abarum
393 1343 519 1407 vorticis
543 1344 680 1428 partium
693 1367 712 1407 a
726 1357 834 1409 centro
854 1343 1017 1429 equaliter
1039 1342 1249 1422 distantium,
1274 1360 1405 1428 pauptau

116 1449 218 1539 ‘quod
232 1448 366 1512 solidum
380 1450 413 1512 in
427 1449 558 1512 fluidum
573 1449 742 1514 resolutum
757 1451 794 1514 fit
807 1472 879 1535 pars
894 1449 1020 1514 vorticis
1045 1450 1180 1513 caeteris
1204 1452 1341 1535 partibus
1353 1474 1404 1514 con·

131 1554 250 1620 similis.
296 1554 384 1642 Ergo
409 1554 552 1635 solidum,
580 1556 605 1619 si
629 1556 669 1620 sit
693 1555 832 1642 ejusdem
853 1555 1014 1621 densitatis
1038 1577 1117 1620 curn
1141 1558 1278 1621 materis
1298 1559 1402 1633 vorticis

131 1660 242 1724 eodem
257 1672 344 1725 motu
359 1682 430 1724 cum
444 1662 540 1746 ipsius
554 1663 695 1746 partibus
709 1662 893 1740 movebitur,
909 1661 944 1724 in
958 1661 1094 1725 materiai
1111 1663 1267 1746 proxime
1280 1664 1400 1727 ambiam

130 1765 259 1831 relative
283 1768 454 1853 quiescens.
500 1767 557 1833 Sin
581 1767 707 1833 densius
721 1769 770 1848 sit,
795 1768 913 1855 (¹¹)jam
933 1769 1037 1856 magis
1057 1769 1237 1835 conabitur
1251 1771 1401 1835 recederes

130 1888 239 1938 centro
253 1875 377 1939 vorticis
392 1872 486 1961 quim
500 1875 604 1960 prius3
620 1875 753 1962 ideoque
768 1876 892 1941 vorticis
906 1875 970 1940 vim
984 1874 1087 1954 illam,
1101 1877 1171 1964 qui
1184 1878 1275 1962 prins
1285 1879 1317 1940 in
1328 1878 1401 1941 adid

131 1980 186 2044 sui
202 1993 349 2066 tanquam
364 1982 396 2043 in
412 1982 585 2068 aequilibrio
600 1983 802 2046 constitutum
816 1982 1017 2061 retinebatur,
1029 1984 1103 2068 jam
1120 2006 1290 2069 superaus,
1311 1985 1403 2049 recab

130 2112 149 2153 a
164 2104 271 2154 centro
286 2103 317 2155 et
330 2089 518 2155 revolvendo
532 2091 687 2158 describet
701 2092 856 2178 spiralem,
878 2115 944 2158 nou
958 2094 1100 2179 amplius
1118 2095 1156 2160 in
1172 2097 1311 2162 eundem
1321 2095 1400 2160 aba

115 2282 257 2347 ,compositi
269 2297 298 2332 ex
308 2282 398 2332 ratione
407 2298 506 2331 sammaa
516 2283 601 2332 vitium
612 2283 755 2350 centrifuga·
785 2284 811 2332 in
821 2283 1396 2351 qmplmmcdmdmdormduoefflnb

129 2362 184 2395 rum
201 2347 293 2395 orbium
312 2347 418 2395 omnium
440 2348 577 2395 inferiorum
597 2349 628 2396 ad
649 2359 755 2397 centrum
784 2353 859 2402 rarius
878 2360 921 2407 eat,
939 2349 1054 2407 mandit,
1075 2350 1119 2399 vel
1138 2368 1215 2420 grave
1231 2364 1268 2401 α
1282 2353 1307 2399 iu
1319 2364 1396 2399 m

130 2409 205 2485 usqud
223 2411 322 2487 posticis,
339 2426 367 2485 ex
386 2410 475 2460 ratione
491 2411 617 2460 velocitatis
631 2410 679 2474 qut
689 2415 756 2487 orbes
785 2414 879 2464 vorticis
888 2413 926 2461 vel
936 2428 993 2461 non.
1031 2413 1058 2461 Si
1069 2430 1151 2478 grave
1168 2432 1220 2464 non
1240 2418 1278 2474 sit,
1295 2414 1396 2477 phun

120 2478 609 2598 matrissantes
619 2484 756 2599 ⁸2„st
783 2477 1396 2607 massmannum

129 2603 242 2664 analysim
254 2601 348 2649 deducit
358 2611 461 2662 tempora
472 2601 586 2663 periodica
594 2604 694 2663 partium
704 2617 755 2650 vor-
772 2644 775 2649 .
787 2607 877 2654 desset
885 2603 993 2713 ιῖιιῑεω
1004 2606 1174 2666 trajectoriaru
1185 2606 1362 2655 &ababa
1372 2605 1395 2649 ἰ

129 2666 183 2715 tisis
192 2666 297 2726 spherici
307 2665 446 2728 homogenei
457 2681 505 2714 esse
513 2666 538 2712 in
549 2666 637 2713 ratione
647 2665 752 2714 radicum
788 2669 882 2717 finitum
892 2683 907 2713 a
922 2667 955 2714 ire
965 2665 1051 2724 debet,
1063 2678 1090 2714 et
1101 2669 1201 2728 contri,
1212 2672 1307 2732 manau
1316 2666 1394 2717 'nd

129 2729 491 2792 cubicarumdignitatisquintae
499 2729 685 2777 nmnunuma
698 2742 752 2776 oea-
788 2730 887 2781 deaaiori
906 2729 1008 2790 primum
1025 2730 1174 2790 wileneus,
1196 2736 1230 2781 ad
1252 2746 1349 2782 mun
1368 2743 1394 2792 1¹

129 2803 181 2852 tro;
199 2808 279 2840 earum
295 2792 349 2841 versi
364 2792 503 2840 celeritatem
513 2795 557 2840 sub
573 2803 688 2856 aquatore
704 2808 753 2839 asse
787 2793 894 2857 spiralem
905 2793 992 2841 lineam
1002 2794 1127 2854 perpetu&
1138 2798 1272 2853 suadeat,
1283 2792 1393 2860 quadani

129 2856 246 2918 reciproci
257 2858 281 2903 iu
292 2857 380 2904 ratione
395 2857 478 2904 radicis
493 2856 580 2904 cubicae
590 2856 695 2919 quadrati
706 2855 753 2902 dis'-
787 2857 899 2906 densioris
908 2857 983 2917 major
992 2871 1044 2904 ease
1055 2856 1149 2906 debm
1160 2861 1196 2908 vis
1207 2862 1335 2923 mnndaga
1347 2862 1392 2921 pi

130 2922 255 2968 tantisrum
266 2936 280 2968 a
291 2931 376 2967 centro.
413 2921 437 2967 si
448 2921 473 2967 in
483 2921 604 2982 hypothesi
622 2920 752 2968 Bemoullii
787 2922 886 2983 planete
896 2920 993 2968 annosa
1030 2919 1056 2968 Si
1066 2922 1185 2970 medium
1202 2941 1276 2986 grave
1291 2930 1319 2972 sit
1334 2927 1390 2970 bn»

129 2985 263 3048 negligetur
280 2984 314 3031 sis
332 2984 407 3038 vectis.
425 2985 506 3032 eodem
526 2985 616 3031 calculo
632 2999 679 3046 quo
696 2998 752 3030 usus
783 2993 845 3030 trum
856 2983 955 3040 vorticis,
972 2983 1096 3046 ipsiusque
1109 2989 1228 3042 densitas,
1246 2986 1389 3034 dennuni·

129 3059 172 3105 ast,
183 3060 287 3108 tempora
297 3048 411 3107 periodica
417 3047 568 3095 inveniuntur
576 3046 752 3107 proportionalia
783 3046 897 3095 distantiis
906 3062 921 3093 a
931 3058 1019 3104 senno,
1031 3060 1135 3105 assat
1147 3051 1253 3098 eoelessia
1263 3047 1386 3097 Μὴ

130 3111 462 3173 radicibuscubicisdignitatis
469 3123 559 3174 quartae
569 3112 730 3158 distantiamm
738 3126 753 3157 a
783 3110 845 3167 nus,
862 3112 892 3157 ob
903 3125 997 3170 parvam
1008 3111 1148 3159 orbitarum
1159 3130 1221 3176 quaa
1232 3115 1328 3175 pum
1338 3113 1386 3158 da>

130 3185 224 3233 centro;
236 3177 255 3221 si
264 3173 318 3222 verd
325 3191 483 3236 supponamus
490 3175 650 3235 impressiones
660 3175 752 3221 orbium
783 3175 849 3229 bunt,
876 3174 1084 3231 excentricitatem,
1116 3178 1221 3239 aequalis
1243 3180 1326 3225 numi
1343 3182 1389 3236 μί

130 3239 156 3286 in
168 3256 192 3287 se
203 3239 286 3286 mutud
297 3240 374 3296 factas,
392 3255 440 3286 esse
451 3240 574 3286 iuratione
587 3235 751 3298 compositis:
783 3236 890 3284 densitati
907 3237 1023 3299 cujusque
1042 3238 1153 3299 planetae
1170 3243 1232 3289 huic
1248 3241 1391 3289 mneria‘u»

129 3303 219 3351 ratione
229 3302 380 3363 pressionum,
392 3304 480 3350 ratione
490 3302 637 3350 velocitatum
648 3301 753 3349 relativa·
784 3301 867 3358 tantis;
886 3309 955 3362 atque
970 3299 1032 3349 oded
1042 3300 1155 3352 densitas
1166 3307 1270 3353 coetaeus
1280 3300 1391 3352 ursum

129 3383 184 3415 rum
195 3376 219 3414 et
228 3367 316 3414 ratione
326 3367 506 3426 superficiemm,
524 3376 627 3426 tempora
637 3364 753 3426 periodica
784 3363 915 3411 disnntium
928 3365 1023 3411 &narni
1034 3367 1140 3428 epulis
1151 3370 1198 3416 erit
1206 3370 1315 3418 <lumitati
1322 3370 1392 3415 &a

132 3431 301 3479 Bernoulliano
316 3429 406 3478 calculo
421 3430 570 3477 inveniuntur
580 3428 696 3492 quadratis
706 3427 752 3474 dis-
783 3427 814 3475 ad
832 3427 963 3474 distantiam
978 3427 1055 3486 Jovis,
1077 3431 1180 3492 blattis,
1202 3435 1249 3481 &a
1273 3432 1392 3496 aquilin

130 3496 255 3542 tantiarum
265 3493 448 3555 proportionalis,
456 3495 490 3541 uti
502 3495 630 3540 Novanus
638 3508 678 3553 per
686 3506 752 3539 suam
783 3489 890 3538 densitati
902 3492 985 3537 horum
997 3492 1164 3553 planetarum,
1181 3508 1208 3545 et
1218 3514 1300 3545 omna
1309 3493 1390 3543 nutu

130 3559 275 3620 hypothesim
292 3560 425 3616 invenerat;
444 3567 468 3605 et
478 3557 497 3604 si
508 3572 563 3603 cum
581 3558 617 3605 his
632 3557 751 3604 tribusra·
783 3555 860 3603 sitates
880 3564 950 3602 erunt
967 3554 1030 3602 iuter
1048 3572 1075 3604 se
1095 3558 1125 3607 in
1148 3562 1244 3609 ratione
1265 3559 1391 3619 aabdutffiffl

131 3623 233 3670 tionibus
248 3632 399 3682 cornponatur
415 3623 473 3669 ratio
483 3620 620 3668 distantias
630 3629 708 3667 centro
724 3628 752 3667 ut
782 3617 964 3666 distantiarumu
974 3619 1030 3666 Sole
1037 3621 1172 3682 recipmcd.
1203 3627 1312 3686 Siitsque
1320 3619 1390 3670 Talai

131 3685 166 3732 vis
181 3687 251 3734 vectis
267 3687 415 3746 exprimatur,
434 3696 538 3745 tempora
555 3684 670 3745 periodica
686 3698 751 3744 repa·
781 3681 882 3730 densitas
897 3681 1022 3730 mediocria
1037 3699 1195 3746 supponamus
1212 3684 1390 3752 mant

131 3750 224 3797 riantur
240 3750 418 3810 proportionalis
428 3748 542 3796 radicibus
552 3748 639 3796 cubicis
649 3747 748 3810 dignita·
782 3760 855 3808 aquae,
874 3746 970 3793 mamma
980 3747 1083 3795 coelestis
1094 3751 1162 3800 inter
1175 3754 1257 3801 Solem
1268 3764 1291 3799 et
1302 3752 1389 3798 Talhsfl

131 3814 161 3862 tia
178 3815 280 3874 septima
301 3813 461 3861 distantiarum
479 3828 494 3859 a
509 3823 595 3860 senno.
631 3812 679 3858 Hae
698 3809 752 3859 verd
783 3811 907 3857 constituta
923 3809 985 3873 aquai
1000 3811 1101 3861 densior
1118 3817 1166 3865 erit
1176 3828 1201 3865 et
1212 3832 1330 3878 corporu-
1341 3810 1390 3858 ω’

131 3879 245 3941 analogia
264 3877 461 3940 omnesaregubi
480 3875 520 3923 int
540 3873 689 3937 Kepleriand,
705 3872 753 3937 qui
782 3871 884 3920 mulind
899 3874 995 3922 resistet.
1034 3876 1084 3924 Sed
1102 3891 1132 3927 ut
1150 3897 1180 3928 ex
1197 3873 1390 3929 cometarum&

132 3951 237 4003 tempora
247 3940 362 4005 periodica
372 3940 600 3988 statuunturessein
611 3940 750 3986 mdoueses·
783 3939 835 3994 bus,
857 3936 953 3999 aliisque
974 3939 1187 3992 observationibus
1209 3956 1306 4001 tomus,
1324 3952 1391 3988 aaut*

131 4006 257 4069 quiplicata
273 4005 440 4061 distantiarum,
463 4003 609 4051 dissentiunt.
646 4004 681 4052 Ut
696 3998 751 4065 ergd
782 4001 947 4049 sclatiainter
957 4001 1390 4066 solemet'relturemmuisnwt

132 4070 224 4117 vorticis
235 4069 337 4130 spherici
346 4069 409 4132 leges
419 4083 474 4116 cum
488 4066 583 4128 Kepleri
594 4066 685 4115 sancitis
695 4083 752 4114 con·
783 4063 880 4112 minime
890 4065 982 4113 resistit.
1020 4067 1089 4116 Nam
1107 4085 1259 4121 cometamrn
1275 4085 1344 4120 mama
1356 4075 1391 4112 e!

131 4134 195 4182 sitiet
212 4131 368 4189 Barnoullius,
386 4132 496 4194 supponit
511 4130 647 4179 densitatem
663 4130 753 4177 sortitis
783 4127 874 4176 summi
885 4128 1012 4192 regulares,
1029 4142 1055 4179 et
1065 4136 1168 4184 easdam
1179 4139 1245 4201 teges
1256 4153 1307 4184 nnn
1317 4136 1390 4195 pin*

131 4213 181 4245 esse
192 4198 216 4244 in
227 4198 315 4245 ratione
325 4195 487 4258 subduplicatai
497 4195 612 4243 distantiae
627 4204 706 4242 centro
717 4209 752 4240 re-
783 4207 837 4240 rum
846 4193 949 4240 motibus
959 4195 1094 4254 absentat,
1108 4212 1135 4248 ea
1147 4201 1173 4249 in
1183 4217 1268 4249 οωηω
1276 4201 1322 4248 <ets
1336 4198 1391 4258 plag·

132 4261 229 4322 ciproce,
246 4261 350 4323 planetas
361 4259 414 4308 vero
425 4258 645 4322 nonesseejusdem
661 4274 753 4320 prorsus
784 4256 900 4304 liberrime
915 4255 1033 4316 tenantur,
1051 4269 1128 4324 atque
1146 4264 1178 4313 ad
1196 4265 1277 4315 Solem
1292 4262 1391 4327 aquis·

132 4325 252 4372 densitatis
262 4340 316 4373 cum
328 4324 405 4372 medio
416 4324 489 4371 fluido
499 4324 523 4370 in
534 4339 581 4385 quo
591 4322 694 4383 primum
705 4321 753 4369 col·
784 4329 906 4382 peneumt
916 4320 967 4369 siue
977 4324 1123 4375 watra
1440 4358 1442 4369 .

132 4386 755 4452 locatisunt,idedqueohmajoremvelminoramsuam
819 4383 854 4448 (¹¹)
867 4387 878 4414 ⁸
892 4387 949 4436 Jam
959 4388 1036 4449 magu
1047 4395 1185 4442 conabum.
1222 4394 1285 4442 Nm
1295 4386 1385 4438 visani
1440 4416 1442 4437 t

132 4453 269 4501 densitatem
280 4455 304 4500 in
315 4469 343 4499 eo
353 4453 430 4500 medio
440 4450 566 4499 successivd
581 4449 718 4499 descendere
730 4460 754 4497 et
784 4446 842 4511 fuga
851 4448 944 4504 matrix,
956 4452 1048 4498 certeris
1059 4458 1171 4514 paribus,
1182 4471 1282 4522 augetur
1293 4457 1323 4504 sd
1331 4452 1390 4501 nin*

113 4518 263 4576 ascendere,
287 4515 432 4564 intereadhm
456 4515 560 4562 circulari
582 4526 648 4562 motu
665 4512 755 4562 vorticis
785 4512 959 4560 turiuratione
975 4519 1120 4576 quantitatis
1137 4534 1243 4570 mmm
1261 4532 1308 4585 (μς
1325 4516 1389 4566 Ma

131 4580 285 4639 abripiuntur,
302 4597 330 4627 ex
341 4581 425 4642 quihus
435 4580 536 4627 motibus
546 4580 615 4627 simul
626 4576 757 4639 compositis
788 4576 840 4624 Lib.
854 4575 888 4637 l.)
900 4586 923 4623 et
933 4579 1040 4627 mumius
1052 4585 1185 4646 ςῃωιῑω,
1203 4587 1260 4633 ὼω
1273 4585 1390 4646 W*

133 4655 263 4692 nascuntur
293 4645 400 4704 cllipticoe
421 4644 565 4704 planetarum
585 4643 717 4706 trajectoriaa
733 4651 757 4688 et
787 4639 883 4698 lumine,
902 4652 1004 4702 sugatur
1015 4646 1055 4695 vel
1064 4649 1188 4702 minuitur
1203 4651 1231 4700 in
1246 4650 1326 4699 tatia&
1337 4644 1390 4692 ab*

133 4709 279 4772 apheliorum
297 4708 510 4758 lentissimimotus.
531 4707 689 4757 Sedmedium
696 4706 756 4756 illud
787 4703 950 4769 amant
967 4705 1006 4771 1.)
