3098 5534
197 411 262 469 208
504 402 847 471 PHILOSOPHIAE
869 405 1146 474 NATURALIS
1208 407 1335 489 [Mor.
1351 408 1512 476 cmm

409 697 695 766 PROPOSITIO
718 697 868 765 XXXV.
914 699 1174 768 PROBLEMA
1196 700 1279 767 v11.

193 872 231 940 Si
243 873 369 937 medium
382 894 487 937 rorant
501 875 713 954 reponsoriis
725 895 815 957 ptam
830 874 962 938 minimis
980 875 1195 958 quiescentibus
1214 875 1395 960 aequalibus
1415 887 1447 940 et
1466 880 1508 941 od

235 979 366 1062 aequolcr
379 978 419 1040 ob
434 980 559 1041 inuicem
575 981 739 1043 distantias
752 975 846 1041 libere*
861 980 1015 1060 dispositis
1029 989 1164 1042 castet.-
1191 980 1336 1045 iooenire
1359 984 1505 1047 resister-

235 1089 311 1150 tiam
321 1086 407 1171 globi
421 1089 455 1150 io
465 1089 520 1150 ltoc
529 1089 627 1151 medio
639 1089 832 1174 uafforntiter
839 1088 1075 1172 progredientis.

237 1266 306 1330 Cos.
324 1272 352 1327 1.
398 1262 568 1350 Cylindrus
593 1261 703 1326 eidem
726 1260 880 1324 diametro
901 1270 933 1322 et
954 1258 1118 1324 altitudine
1139 1259 1322 1345 descriptus
1341 1262 1499 1350 progredi

190 1369 383 1458 intelligatur
397 1368 506 1433 eidem
528 1368 693 1434 velocitate
715 1366 888 1433 secuudum
909 1364 1137 1453 longitudinem
1158 1367 1226 1431 axis
1248 1369 1301 1433 sui
1323 1369 1360 1432 in
1384 1370 1497 1436 eodem

189 1477 304 1540 medio.
350 1477 392 1541 Et
404 1498 559 1561 ponamus
575 1475 660 1562 qubd
669 1474 833 1560 particulae
847 1473 953 1552 medii,
975 1474 1009 1536 in
1024 1497 1099 1560 quas
1114 1473 1228 1562 globus
1250 1477 1300 1541 vel
1325 1478 1492 1564 cylindrus

189 1583 310 1661 incidit,
325 1585 356 1647 vi
371 1583 552 1648 reflexionis
567 1604 661 1668 quam
682 1579 820 1645 maxuui
843 1580 990 1645 resiliant.
1038 1581 1081 1645 Et
1103 1581 1175 1644 cium
1198 1582 1383 1648 resistentia
1403 1588 1490 1675 globi

190 1697 261 1777 (per
277 1691 528 1778 Propositiouem
542 1690 754 1772 novissimam)
777 1690 817 1754 sit
838 1689 936 1775 duplo
957 1691 1060 1754 minor
1081 1713 1174 1777 quam
1189 1693 1374 1758 resistentia
1391 1697 1488 1783 cylin-

188 1797 248 1876 dri,
275 1811 307 1864 et
331 1799 444 1887 globus
467 1799 507 1863 sit
529 1796 569 1863 ad
591 1798 767 1884 cylindrum
787 1809 823 1861 ut
839 1796 903 1861 duo
918 1796 959 1861 ad
980 1796 1049 1874 bia,
1077 1810 1109 1862 et
1130 1798 1293 1886 cylindrus
1316 1801 1490 1870 incidendo

186 1904 485 1990 perpendiculariter
516 1906 550 1969 in
582 1905 761 1991 particulas,
798 1905 944 1992 ipsasque
981 1905 1075 1991 quim
1107 1907 1243 1972 maxime
1280 1911 1487 1990 reflectendo,

188 2012 229 2097 (¹)
245 2011 374 2097 duplam
395 2013 444 2077 sui
464 2013 562 2097 ipsius
577 2012 772 2077 velocitatem
786 2012 862 2098 ipsis
880 2013 1105 2078 communicet:
1129 2014 1304 2101 cylindrus,
1329 2041 1399 2105 quo
1413 2036 1488 2085 tern-

186 2142 264 2206 pore
279 2121 441 2186 dimidiam
455 2121 684 2210 longitudinem
700 2124 767 2187 axis
783 2122 831 2186 sui
846 2121 1042 2186 uniformiter
1064 2123 1300 2211 progrediendo
1322 2126 1483 2205 describit,

187 2231 430 2295 communicabit
451 2243 572 2295 motum
593 2231 763 2316 particulis,
792 2236 831 2316 (¹)
847 2231 901 2316 qui
916 2231 956 2294 sit
970 2229 1011 2293 ad
1026 2242 1126 2294 totum
1147 2230 1281 2317 cylindri
1307 2247 1433 2298 motum
1455 2251 1486 2302 ut

186 2338 322 2402 densitas
337 2337 432 2402 medii
447 2337 487 2402 ad
503 2337 687 2403 densitatem
702 2337 854 2425 cylindri;
878 2352 909 2403 et
923 2337 1046 2426 globus,
1063 2361 1127 2424 quo
1142 2351 1284 2424 tempore
1301 2354 1405 2406 totam
1420 2342 1485 2407 lon-

106 2525 119 2547 ,
185 2445 360 2532 gitudinem
376 2445 519 2510 diametri
534 2467 600 2509 suoe
615 2446 810 2510 uniformiter
826 2445 1059 2533 progrediendo
1074 2444 1232 2524 describit,
1250 2449 1291 2534 (¹)
1309 2453 1484 2516 communi-

186 2555 270 2621 cabit
295 2570 420 2621 motum·
438 2558 572 2622 eundem
594 2557 772 2643 particulis;
798 2557 836 2642 (⁸)
852 2569 885 2621 et
902 2579 964 2642 quo
987 2568 1127 2640 tempore
1149 2555 1228 2620 duas
1250 2560 1363 2623 tertias
1381 2573 1483 2646 partes

186 2663 330 2728 diametri
345 2687 410 2728 sure
425 2663 582 2741 describit,
607 2662 848 2728 communicabit
863 2674 986 2726 motum
1000 2661 1172 2747 particulis,
1198 2663 1252 2749 qui
1267 2665 1312 2729 sit
1326 2665 1369 2729 ad
1385 2678 1484 2731 totum

184 2768 271 2856 globi
300 2783 419 2833 motum
447 2783 483 2834 ut
511 2770 647 2835 densitas
677 2770 772 2834 medii
801 2769 842 2834 ad
871 2769 1058 2834 densitatem
1085 2769 1183 2858 globi.
1240 2769 1284 2834 Et
1314 2786 1483 2858 propterea

184 2875 297 2961 globus
323 2877 529 2941 resistentiam
554 2879 681 2964 patitur,
712 2900 782 2963 quae
806 2877 846 2940 sit
869 2877 910 2940 ad
935 2877 998 2940 vim
1024 2877 1085 2963 quii
1110 2890 1194 2942 totus
1207 2879 1273 2963 ejus
1302 2895 1411 2945 motus
1436 2881 1482 2946 rel

184 2983 298 3049 auferri
323 2989 422 3072 possit
446 2989 495 3052 vel
520 2989 663 3076 generari
687 3009 751 3073 quo
776 2999 916 3071 tempore
946 2987 1023 3050 duas
1054 2987 1160 3050 tertias
1190 2999 1299 3072 partes
1333 2988 1479 3054 diametri

184 3117 248 3157 suae
272 3097 464 3161 uniformiter
485 3096 716 3184 progrediendo
737 3096 895 3175 describit,
920 3111 955 3160 ut
974 3095 1109 3160 densitas
1124 3096 1219 3160 medii
1234 3096 1275 3160 ad
1291 3096 1480 3165 densitatem

183 3200 279 3288 globi.

219 3370 255 3434 (¹)
279 3375 292 3401 ⁰
315 3373 422 3433 Duplam
444 3374 480 3419 rui
502 3374 571 3434 ipsius
594 3375 739 3429 uelocitatem,
767 3374 809 3420 &a
844 3374 875 3418 ob
894 3371 1046 3419 resistentium
1062 3371 1125 3433 globi
1142 3371 1271 3420 resistendi
1286 3375 1392 3435 cylindri
1409 3376 1481 3439 duplo

188 3433 251 3482 cum
279 3436 378 3496 singulm
406 3437 534 3496 particula,
567 3437 664 3498 cylindri
697 3449 812 3496 respectu,
845 3437 959 3483 minorem
973 3437 1056 3499 (Prop.
1073 3437 1203 3483 XXXIV.
1218 3437 1271 3484 Lib.
1287 3438 1341 3498 11.)

186 3499 289 3545 minima
310 3502 364 3556 sint,
386 3499 487 3546 sinulla
503 3511 561 3547 essct
580 3500 745 3560 particularum
762 3516 812 3546 mc·
879 3499 1306 3562 (⁸)1teqootem1meouorteruos
1324 3515 1416 3564 parter,
1435 3507 1477 3552 irc.

186 3562 219 3608 dii
242 3562 341 3617 reflexio,
370 3563 450 3610 eidem
478 3579 533 3610 cuni
560 3565 666 3625 cylindro
692 3565 812 3612 velocitate
846 3565 931 3610 'Huc
942 3564 1000 3610 redit
1011 3566 1146 3624 compositio
1157 3567 1478 3615 rationumnNcutouoin·

187 3636 350 3683 moverentur;
372 3643 399 3674 ac
420 3628 543 3675 accedente
566 3629 586 3674 vi
609 3627 739 3674 relictionis
760 3645 813 3689 per·
844 3628 934 3676 dicam:
949 3638 1011 3674 totus
1022 3628 1084 3688 globi
1093 3638 1212 3674 maturat
1222 3628 1252 3676 td
1263 3629 1366 3689 cylindri
1377 3646 1477 3689 motum,

186 3690 255 3747 fecti,
291 3690 399 3738 velocitas
431 3691 473 3739 illa
506 3691 638 3751 duplicatur
673 3695 723 3754 (5³.
756 3693 810 3741 Lib.
844 3690 938 3739 uttad
949 3697 973 3746 3,
990 3692 1112 3738 bucenim
1124 3703 1159 3737 est
1170 3693 1290 3753 utriusque
1301 3709 1388 3742 massa
1406 3699 1478 3753 “¹5⁰3

188 3753 233 3815 10).
846 3765 909 3803 totus
927 3755 1025 3815 cylindri
1045 3767 1125 3803 motus
1141 3766 1175 3802 est
1192 3755 1221 3803 ud
1240 3761 1480 3821 motumncylindro

219 3814 253 3880 (l)
268 3822 280 3848 ⁸
297 3822 342 3873 Qui
357 3823 387 3867 rit
405 3823 436 3868 od
454 3830 527 3869 totum
544 3823 645 3882 cylindri
656 3829 751 3876 motum,
769 3822 811 3868 dcc.
845 3820 1043 3867 communicatum
1054 3835 1102 3879 quo
1113 3820 1479 3879 temporedimidinmmlun-

188 3883 336 3937 Quantitatca
347 3882 425 3930 motirs
441 3894 495 3930 sunt
513 3895 538 3930 ut
556 3885 687 3932 velocitates
698 3895 721 3930 et
731 3901 814 3931 massa
845 3883 977 3946 gitudinenr
999 3884 1106 3930 describit
1128 3894 1156 3929 ut
1176 3883 1277 3931 densita
1298 3887 1404 3945 cylindri
1421 3891 1478 3950 (sire

185 3948 343 4008 conjunctim
366 3963 448 3994 massa
465 3946 518 3994 verti
538 3958 594 3994 sunt
610 3959 638 3995 ut
656 3949 774 3995 volumina
790 3959 814 3995 et
845 3946 1282 4009 globi)addensitatemmedii,motuo
1292 3949 1479 4012 illercylindro

185 4010 326 4067 densitatem
344 4009 444 4072 ideoque
453 4012 594 4073 quantitates
604 4012 681 4058 moritu
692 4022 719 4058 ut
730 4013 813 4059 veloci·
845 4012 1031 4058 communicatus
1041 4011 1103 4056 idem
1114 4021 1149 4056 est
1159 4027 1213 4057 cum
1224 4023 1292 4059 motu
1303 4029 1319 4060 a
1330 4015 1404 4076 globo
1415 4033 1478 4063 ccm-

184 4083 243 4121 tutes
253 4085 277 4121 et
288 4075 407 4122 volumina
414 4085 437 4122 et
445 4075 568 4122 densitates
579 4076 729 4139 conjunctim.
750 4074 812 4123 Cbtn
845 4075 963 4121 municato
974 4075 1032 4121 dum
1043 4085 1115 4120 totam
1122 4090 1188 4120 suam
1196 4075 1337 4124 dammum
1347 4084 1477 4139 percurrit;

184 4139 257 4201 igitur
272 4138 391 4199 cylindrus
401 4156 448 4201 quo
459 4149 562 4200 tempore
573 4140 692 4187 dimidiam
710 4141 812 4203 longitu·
844 4139 945 4201 denique
962 4149 1039 4185 motus
1057 4139 1097 4184 ille
1108 4155 1122 4185 a
1132 4139 1203 4200 globo
1217 4142 1411 4191 communicatus
1421 4145 1478 4192 dun

184 4203 262 4250 dinem
274 4204 324 4249 auis
335 4204 370 4249 sui
384 4204 528 4250 uniformiter
545 4204 713 4266 progrediendo
728 4204 812 4250 descri-
844 4213 917 4250 totam
933 4218 999 4248 suam
1016 4203 1155 4249 diametrum
1172 4204 1284 4262 percurrit
1294 4216 1332 4251 est
1342 4207 1373 4253 cd
1384 4220 1477 4255 niman

184 4268 225 4323 bit,
248 4268 319 4314 medii
338 4268 446 4314 volumen
466 4267 564 4314 dimidio
582 4268 695 4315 volumini
714 4267 812 4329 cylindri
844 4270 874 4314 ab
884 4282 912 4313 eo
922 4268 993 4329 globo
1009 4268 1206 4313 communicatum
1217 4267 1276 4313 dum
1287 4273 1405 4327 percurrit
1421 4273 1479 4319 durs

184 4331 273 4392 :quale
296 4331 369 4391 dupli
390 4347 446 4378 curn
469 4332 590 4379 velocitate
612 4342 709 4386 moveat,
738 4333 813 4393 sitque
845 4331 950 4377 diametri
967 4346 1016 4376 suta
1032 4331 1111 4376 tertius
1126 4342 1201 4390 partes
1217 4341 1245 4378 ut
1259 4333 1318 4378 aad
1334 4339 1357 4388 2,
1376 4336 1478 4397 idaeique

184 4394 282 4454 proiudi·
299 4395 387 4442 factum
404 4410 432 4440 er
451 4396 568 4442 volumine
583 4396 682 4457 cylindri
699 4396 723 4441 in
740 4396 813 4456 ipsius
845 4405 907 4442 totus
923 4395 987 4456 globi
1004 4404 1082 4440 motus
1102 4406 1137 4440 cst
1158 4395 1188 4441 td
1210 4406 1301 4442 motum
1320 4400 1352 4444 ab
1367 4415 1398 4446 cc
1414 4415 1478 4448 com·

183 4458 329 4504 velocitatem
341 4459 430 4521 aquale
438 4459 499 4506 facto
507 4477 534 4506 cx
544 4461 662 4506 volumine
670 4459 740 4506 medii
749 4469 813 4506 moto
844 4459 990 4506 manicatum
1010 4458 1067 4504 dum
1085 4459 1199 4518 percurrit
1219 4459 1279 4505 duca
1299 4459 1412 4509 &nutri
1429 4480 1477 4511 aa:

183 4521 208 4567 in
220 4522 270 4582 ejus
281 4523 433 4575 uelocitatem,
451 4536 529 4570 motus
540 4524 657 4584 particulis
667 4523 738 4569 medii
749 4538 812 4569 com·
845 4532 920 4584 partes
936 4523 1076 4584 conjunctim
1094 4531 1121 4568 ut
1138 4521 1232 4578 91d3,
1249 4534 1277 4569 ut
1292 4523 1399 4574 &ustus
1414 4528 1479 4590 globi

184 4587 324 4641 manicatus,
336 4587 380 4633 erit
391 4587 420 4634 nd
432 4599 507 4635 totum
519 4587 618 4648 cylindri
626 4598 715 4634 motum
724 4586 814 4634 utdcn·
846 4587 1027 4633 morannum
1044 4586 1122 4638 medii,
1142 4596 1165 4632 et
1181 4591 1234 4632 ut3
1245 4585 1275 4633 td
1293 4594 1313 4638 2
1336 4591 1386 4638 rin
1403 4592 1479 4652 print

185 4648 240 4695 sitas
251 4651 322 4695 medii
333 4651 363 4697 ad
373 4650 511 4698 densitatem
522 4651 627 4711 cylindri.
846 4651 935 4697 ratione
950 4659 974 4695 et
989 4651 1033 4696 hic
1049 4650 1133 4696 ultimi
1151 4665 1201 4697 rena
1221 4656 1432 4711 cunpcnnribu
1452 4666 1479 4704 n

219 4713 256 4769 (²)
268 4719 279 4743 ⁹
292 4718 472 4763 tmanatala
484 4726 570 4764 motum
580 4719 677 4764 eandm
685 4715 814 4778 puticulis,
846 4715 948 4763 &ndns
955 4714 1019 4777 globi
1030 4714 1059 4762 cd
1071 4713 1207 4762 densim
1218 4714 1297 4763 medii.
1336 4719 1372 4775 Q.
1383 4735 1406 4768 a.
1419 4720 1444 4768 d.
