3098 5534
194 406 257 467 410
492 394 830 465 PHILOSOPHIAE
851 396 1123 465 NATURALIS
1194 399 1303 480 [Mor.
1319 398 1492 469 Cotron-

190 594 266 660 gere
279 572 313 637 in
335 569 419 637 linet
438 571 637 657 curamentise
661 569 738 647 Rd,
764 581 930 654 propterea
951 571 1037 655 qaod
1059 571 1212 655 perpetud
1233 571 1407 640 sttrslritur
1431 573 1488 639 vel

191 679 360 765 impellitur
374 679 412 764 (¹)
427 699 535 743 versus
547 677 686 743 medium
699 676 888 742 incidentia.
932 677 1121 744 Revertctur
1142 679 1247 764 itaque
1270 680 1356 747 inter
1377 680 1487 765 plano

191 787 264 865 oa,
279 789 314 854 D
328 787 361 865 d,
376 786 579 852 describendo
593 808 700 852 arcum
713 785 872 870 parabola
886 786 920 863 Q
936 788 969 853 R
981 809 1013 873 (p
1036 789 1073 872 (⁸)
1087 789 1177 874 cujus
1189 801 1299 856 vertex
1310 789 1486 876 princip·-

188 895 229 959 lis
243 895 347 980 (juxta
356 893 553 960 &mansum

188 1001 376 1082 tEGRllloel)
394 1002 554 1079 efillnffl
650 1036 683 1108 G

189 1104 306 1169 roeabit
327 1103 457 1188 planum
481 1105 510 1171 C
533 1125 554 1171 c
808 1147 847 1213 Η

187 1211 551 1300 neomagum,
581 1178 617 1301 ‘l
1224 1160 1251 1225 ¹¹
1430 1225 1459 1271 ι

188 1339 227 1394 ao
246 1321 386 1405 priusin
405 1322 457 1398 Q;
479 1321 553 1386 dein
592 1312 626 1444 f)
1430 1277 1460 1452 ἓ

187 1427 349 1512 pergendo
371 1427 405 1490 in
418 1427 552 1491 arcubus
600 1446 629 1509 Ε
1355 1419 1416 1434 “
1433 1458 1456 1503 0

186 1531 373 1615 parabolicis
391 1555 458 1618 qp,
479 1532 550 1616 pb,

187 1639 245 1703 &o
259 1642 392 1705 arcubus
407 1641 562 1725 prioribus
578 1641 612 1719 Q
628 1641 669 1720 P,
683 1643 711 1709 P
727 1640 764 1705 H
778 1640 929 1705 similibus
950 1653 983 1705 et
1004 1641 1184 1728 oequalibus,
1208 1643 1325 1708 secabit
1348 1643 1475 1730 reliqua

186 1743 281 1829 plana
305 1746 339 1809 in
363 1746 472 1811 iisdem
495 1745 617 1833 angulis
642 1747 676 1809 in
698 1768 730 1829 p,
745 1744 778 1823 h,
794 1748 851 1811 &a
875 1767 912 1811 rc
925 1747 1012 1831 prius
1026 1748 1060 1810 in
1075 1748 1114 1826 P,
1131 1747 1178 1826 H,
1194 1750 1252 1814 &a
1267 1764 1474 1836 ernergetque

186 1850 315 1915 tandem
328 1850 439 1916 eddom
453 1851 634 1937 obliquitate
648 1853 682 1915 in
695 1851 728 1929 b,
744 1851 805 1939 qud
819 1852 929 1916 incidit
941 1853 975 1915 in
987 1853 1034 1917 H.
1072 1852 1211 1937 Concipe
1220 1855 1287 1939 jam
1300 1854 1474 1940 planorum

187 1957 219 2023 A
233 1982 262 2036 a,
279 1960 354 2037 Bb,
372 1960 399 2025 C
414 1983 442 2038 c,
458 1960 493 2026 D
507 1959 539 2037 d,
556 1960 585 2024 Ε
600 1983 628 2037 e,
644 1961 701 2024 &c
724 1958 885 2023 intervalla
906 1960 940 2023 in
961 1958 1116 2024 inlinitum
1137 1961 1236 2024 minui
1255 1974 1287 2025 et
1300 1983 1473 2028 numerum

185 2065 303 2151 augeri,
320 2087 358 2130 eo
372 2065 501 2130 utactio
516 2065 706 2129 attractionis
721 2065 770 2129 vel
784 2063 935 2149 impulsus
950 2065 1121 2129 secundum
1134 2067 1234 2153 legem
1250 2087 1473 2155 quamcunque

186 2171 374 2258 assignatam
389 2174 536 2237 continua
549 2172 717 2246 reddatur3
740 2183 772 2236 et
786 2170 917 2258 angulus
931 2173 1131 2258 emergentia
1145 2193 1268 2257 semper
1281 2174 1401 2261 angulo
1420 2176 1474 2241 in·

184 2274 329 2341 cideutiae
343 2278 472 2363 aequalis
486 2277 630 2354 existens,
646 2275 748 2341 eidem
763 2276 932 2341 etiamnum
945 2277 1084 2345 manebit
1097 2277 1235 2365 aqualis.
1280 2278 1323 2356 Q.
1338 2303 1369 2345 e.
1384 2280 1418 2345 d

744 2558 897 2624 Scholiom.

228 2720 355 2786 Horum
371 2715 588 2783 attractionum
602 2711 688 2777 baud
702 2710 834 2774 multum
852 2707 1015 2774 dissimiles
1036 2718 1109 2771 sunt
1128 2706 1206 2773 lucis
1229 2708 1417 2773 reflexiones
1438 2718 1474 2776 et

181 2826 394 2902 refractiores,
409 2822 500 2887 factoe
516 2818 686 2884 secuudum
702 2816 806 2880 (lutam
822 2816 992 2879 secantium
1008 2815 1169 2892 rationem,
1193 2827 1228 2879 ut
1242 2814 1360 2878 invenit
1376 2815 1472 2881 Sncl·

182 2933 254 3012 lius,
278 2931 314 3016 (²)
329 2942 361 2994 et
373 2950 431 3013 per
445 2947 637 3014 consequens
652 2924 822 2988 secundum
838 2921 943 2985 datam
957 2920 1080 2985 sinuum
1094 2933 1255 2998 rationem,
1271 2930 1307 2984 ut
1320 2923 1472 3006 exposuit

225 3119 248 3207 :l
266 3123 284 3213 θ.
302 3120 385 3194 Versus
395 3117 496 3164 medium
505 3116 639 3191 incidentia,
652 3128 673 3159 r.
687 3126 721 3174 gr.
738 3111 789 3186 cf·

178 3389 223 3433 res,
234 3374 279 3421 erit
291 3323 380 3435 qud
391 3385 458 3418 uem
468 3367 592 3417 ordinatim
597 3317 721 3425 qapplicata,
737 3379 803 3410 cum·

179 3434 398 3500 quemunttd
417 3433 461 3494 ipsi
478 3433 527 3493 Qq
545 3429 655 3490 panton
672 3428 804 3490 pardsolrm

179 3510 260 3565 tangat
269 3501 295 3548 in
307 3501 337 3557 ll,
361 3498 404 3559 40)
421 3496 465 3544 crit
475 3497 500 3544 lt
510 3504 586 3542 vertex
599 3492 730 3555 principalis
741 3495 800 3556 (per.

180 3562 248 3612 Lau.
262 3569 285 3610 4.
298 3562 328 3611 dc
393 3560 435 3623 ic.)
447 3555 597 3621 etproptoead
607 3556 738 3604 velocitates
752 3571 803 3603 cor-

177 3626 417 3688 poeisinlocirQet
463 3639 479 3671 a
496 3619 693 3682 rerdoollnqud
710 3621 804 3668 motis

178 3689 369 3754 aquslcserum,
389 3687 454 3736 et'
504 3683 802 3732 'nasilliussdliueam

180 3752 450 3829 Qqnqueinclinatnr
471 3749 571 3809 Insuper
581 3747 689 3795 velocitas
705 3763 802 3808 perpen-

178 3817 288 3865 dicularis
308 3815 355 3880 qul
372 3830 456 3876 corpur
475 3828 504 3861 ex
523 3810 572 3859 soll
588 3811 612 3858 ri
629 3812 758 3860 murarios
772 3812 803 3859 ad

177 3881 274 3942 planum
288 3880 309 3928 1>
320 3895 335 3940 p
346 3889 449 3942 urgetur,
461 3875 544 3924 iisdem
555 3874 664 3939 gnotus
674 3875 804 3936 crotcitper

177 3954 254 3992 tatum
265 3943 366 4004 spatium
376 3957 392 4005 q
402 3958 425 4002 p,
442 3941 528 4004 quibus
544 3937 598 3986 ants
616 3938 747 3986 decreverat
761 3954 803 3998 par

177 4007 278 4069 spatitun
288 4006 377 4071 equale
394 4005 416 4055 P
428 4005 460 4061 Q,
497 4001 576 4060 Quot
591 4017 675 4063 corpas
686 4006 801 4065 pergendo

175 4074 203 4121 is
213 4073 311 4121 mbos
317 4070 460 4132 parabolicis,
471 4068 515 4115 &a

176 4134 282 4245 „os
291 4136 547 4258 matrum

177 4213 327 4308 mulii
341 4261 374 4309 rt.
382 4211 491 4309 meeum
503 4259 530 4306 u
541 4205 723 4322 annulli.
732 4257 759 4305 u
769 4209 802 4310 l?

177 4323 278 4372 circulus
294 4323 435 4372 describatur
452 4323 550 4384 planum
567 4337 646 4370 secans
663 4322 688 4369 in
707 4325 729 4369 Δ
741 4331 764 4368 et
776 4321 802 4367 D

176 4387 299 4451 ndlosquo
314 4388 373 4437 lucis
388 4389 413 4435 in
428 4388 486 4437 Bet
499 4387 527 4435 F.
562 4385 691 4449 Erignntur
705 4384 736 4431 ad
752 4384 803 4445 ph·

177 4466 237 4499 nuto
257 4451 421 4511 perpendicula
444 4452 468 4500 A
490 4450 521 4507 G,
543 4451 562 4499 C
584 4451 613 4506 Β,
633 4450 656 4496 Ε
675 4448 703 4505 12,
725 4450 749 4496 D
768 4449 802 4496 K.
835 4449 953 4497 invenerat
979 4458 1081 4495 secantes
1105 4449 1126 4497 G
1152 4448 1187 4506 Η,
1218 4449 1244 4496 11
1266 4448 1290 4496 l(
1317 4451 1468 4513 angulorum

179 4514 341 4562 Villebmrdus
354 4515 463 4570 Snallius,
475 4514 587 4560 referente
600 4513 679 4560 lmco
689 4512 772 4559 Vossio
780 4512 804 4558 in
838 4513 861 4560 G
875 4513 901 4559 H
916 4514 947 4569 A,
961 4512 986 4559 K
999 4513 1024 4558 H
1037 4513 1070 4567 D,
1081 4529 1130 4559 csse
1141 4512 1164 4558 in
1176 4512 1229 4559 doti
1240 4515 1333 4561 ratione.
1371 4517 1468 4568 Verum

178 4577 390 4628 midimtstione
404 4577 433 4625 dc
449 4578 508 4625 lucis
524 4577 606 4625 natural
622 4588 645 4625 et
659 4576 804 4639 proprietate,
836 4575 891 4624 inde
912 4577 1015 4640 sequitur
1035 4576 1098 4638 quod
1119 4577 1235 4626 Cartcsius
1251 4576 1330 4640 posted
1348 4579 1467 4645 vulg-vit,
