3098 5534
59 387 346 467 transmenso]
377 387 621 454 PRINCIPIA
643 388 1015 454 MATHEMATICA.
1282 394 1344 456 27⁵

62 560 86 608 E
97 561 120 608 G
132 560 378 620 comprimitunestad
386 561 576 622 pondusiinaoia
585 562 608 608 E
618 563 651 617 G,
663 572 689 610 ut
720 572 842 610 moveatur
855 563 877 608 A
889 577 969 609 versus
987 562 1008 609 B
1020 560 1140 609 velocitate
1156 559 1228 617 tntu,
1246 570 1270 608 et
1285 571 1344 608 tenr-

60 626 84 670 A
92 624 152 671 adE
164 625 195 679 G,
207 623 312 687 atiedque
321 641 349 672 er
359 640 433 687 aquo
443 625 477 671 ris
484 625 532 686 qud
538 624 624 672 lineola
632 626 655 672 E
665 626 687 672 G
720 640 776 687 pora
796 623 888 673 infiniti
908 640 980 685 parro
1000 625 1114 672 describat
1135 625 1235 685 apetium
1256 624 1347 683 infiniti

59 687 85 734 in
95 688 403 752 singulispunctisurgetur,
411 699 446 736 eat
455 688 485 736 ed
496 690 547 750 eJus
554 688 654 749 pondua,
663 698 690 737 ιιι
720 704 816 750 parrum
828 689 896 748 primi
910 688 997 735 ordinis
1010 691 1032 735 A
1044 703 1066 740 a,
1083 688 1117 735 ris
1127 688 1211 735 tnotrir
1228 688 1309 748 puncti
1322 689 1344 739 ιι

62 751 87 800 0
98 751 177 807 RxA
188 751 219 799 ad
228 751 251 798 E
264 752 285 799 G
298 760 323 809 χ
337 752 367 805 V,
375 767 417 798 seu
426 761 453 799 ut
460 753 658 812 aemi-parameter
664 753 688 798 in
720 753 764 800 erit
774 751 903 799 differentia
914 751 998 799 virium
1009 750 1177 811 repulsivarum
1193 751 1274 811 puncti
1287 753 1310 800 A
1321 765 1346 800 et

62 818 94 870 A,
103 814 134 860 ad
144 815 166 858 V
175 814 314 877 V(estauim
326 816 348 864 0
361 815 420 862 ltad
433 816 456 862 E
470 816 530 863 Gut
539 816 579 863 Tt
589 816 650 864 adB
660 816 688 871 C,
723 816 752 872 C,
768 829 803 862 est
816 826 894 863 autern
906 815 940 862 ris
949 815 1065 876 repulsira
1080 814 1161 875 puncti
1174 815 1197 862 A
1209 814 1249 862 ubi
1265 830 1344 876 perre-

59 888 130 940 atquc
139 877 191 924 ided
201 888 229 924 ut
239 879 436 938 semi-paramerer
446 877 477 925 ad
487 879 521 938 V)
534 879 569 924 rel
578 889 606 925 ut
616 886 631 925 8
642 879 663 926 Ρ
672 879 688 926 S
721 880 757 926 nit
766 880 791 925 in
802 895 824 935 a,
840 878 871 927 ad
880 879 928 925 rirn
944 879 1025 939 puncti
1040 879 1061 927 C
1079 880 1109 943 (si
1125 879 1169 926 im·
1325 932 1328 937 ¹

54 943 114 998 .>(A
125 942 184 988 adB
198 941 247 998 0²,
258 946 289 988 ob
300 943 382 1004 and
396 941 686 1003 BCqutaemi·pararne·
719 941 1104 1003 motumaupponatur)utBCad
1115 942 1167 999 Ba,
1235 962 1242 987 ι
1273 963 1281 988 ι
1337 966 1343 1005 Ι

59 1006 92 1052 ιιι
103 1005 242 1066 quadratum
254 1005 284 1052 ad
293 1006 332 1053 Τι
342 1005 411 1068 quad
423 1009 503 1068 (atque
513 1003 567 1052 idea
577 1014 604 1052 ut
614 1006 689 1053 ePs
719 1016 743 1052 et
753 1004 877 1053 dividendo
892 1007 926 1053 vir
940 1007 1025 1054 matrix
1041 1005 1122 1068 puncti
1135 1005 1165 1061 B,
1193 1000 1200 1025 ⁸

57 1068 348 1129 adaemipararnetrum.)
367 1067 685 1132 Quarecitmtemporaqui-
719 1068 749 1115 ad
768 1069 816 1115 rim
833 1068 971 1129 repulsivam
990 1071 1071 1130 puncti
1092 1071 1120 1124 C.
1140 1079 1168 1116 ut
1184 1049 1209 1095 A
1233 1064 1248 1096 ⁸
1272 1048 1295 1096 B
1321 1048 1342 1096 c

60 1131 683 1194 bussequaiiacorporaperaquaiiaspatiaimpellun·
717 1132 1097 1206 Bc-Ba(=Aa)adBa.
1119 1131 1167 1182 Scd
1240 1190 1243 1195 Ι

60 1206 107 1251 tur,
117 1195 287 1255 sintreeiproce
295 1196 320 1242 in
328 1196 490 1256 subduplicata
497 1196 586 1243 ratione
594 1197 684 1251 virium,
718 1198 741 1242 A
753 1211 774 1252 a,
786 1205 821 1242 est
830 1195 920 1243 infimta
931 1206 1027 1256 parrum
1039 1211 1067 1245 ex
1078 1196 1197 1258 hypothesi
1209 1205 1233 1243 et
1246 1195 1268 1244 B
1280 1203 1339 1244 aest

59 1261 104 1306 erit
125 1257 217 1318 tempus
237 1259 370 1306 vibrationis
390 1260 468 1316 unius,
488 1269 586 1334 urgente
605 1259 627 1306 ri
643 1258 685 1307 ilis
716 1259 783 1307 fruita
798 1259 920 1323 quantitas,
940 1274 996 1323 ergo
1012 1261 1047 1307 ris
1061 1261 1145 1307 rnotrix
1161 1260 1243 1320 puncti
1256 1260 1287 1316 B,
1305 1270 1339 1306 est

59 1321 161 1378 elaaticr,
177 1322 207 1368 ad
218 1331 310 1382 tempus
326 1324 397 1370 unius
407 1322 540 1374 ributionis
550 1331 649 1383 urgente
659 1324 682 1368 ri
716 1321 807 1369 infinite
823 1337 892 1382 parra
908 1323 1061 1384 ria'respectu
1077 1323 1112 1370 ris
1126 1323 1248 1384 repulsivas
1259 1323 1339 1383 puncti

59 1385 176 1446 ponderis,
189 1386 213 1432 in
224 1385 383 1446 subduplicati
394 1386 482 1433 ratione
495 1387 516 1434 Β
526 1385 602 1435 c²ad
613 1391 628 1432 8
638 1384 686 1433 Ps
719 1385 746 1439 C.
763 1401 816 1447 qure
828 1385 862 1432 ris
872 1385 985 1445 repuiaira
996 1402 1038 1447 pro
1047 1387 1097 1448 ipsa
1108 1387 1130 1432 ιι
1141 1387 1241 1434 nnturaii
1252 1386 1340 1434 elaterii

63 1456 90 1507 χ
111 1451 142 1496 A.
179 1454 258 1511 Atque
278 1448 338 1496 aded
354 1449 384 1497 ad
402 1460 494 1510 tempus
512 1447 635 1496 descensus
650 1464 678 1496 ex
713 1449 800 1496 assumi
816 1460 904 1510 potesr;
922 1449 956 1496 ιιι
965 1461 1044 1498 autem
1061 1449 1200 1498 elasticitatis
1210 1461 1286 1498 ester
1314 1465 1337 1496 e·

59 1512 183 1559 altitudine
194 1513 210 1576 ι
223 1515 254 1569 Α,
265 1512 291 1559 in
301 1512 461 1573 subduplicati
470 1512 559 1560 ratione
572 1513 593 1560 Β
605 1511 683 1560 C²ad
713 1526 768 1560 nera
784 1516 935 1572 messianum,
953 1522 1056 1574 tempore
1074 1512 1164 1561 infiniti
1184 1528 1253 1574 parvo
1275 1466 1339 1561 reio·

60 1581 75 1622 d
84 1576 106 1622 P
118 1576 134 1622 S
148 1581 174 1633 χ
193 1579 213 1622 A
225 1587 248 1623 et
259 1575 418 1636 subdupiiosta
428 1577 517 1623 ratione
528 1582 543 1622 8
552 1575 574 1622 Ρ
583 1576 600 1622 S
610 1575 641 1623 ad
651 1580 682 1631 A,
714 1576 807 1622 citatem
819 1575 909 1623 infinite
920 1592 1013 1637 parram
1024 1587 1152 1640 generaret,
1168 1593 1220 1639 qua
1231 1576 1339 1625 velocitas
1350 1607 1356 1618 ·

59 1640 105 1686 hoc
115 1651 150 1686 est
161 1646 185 1685 tu
196 1640 284 1686 ratione
294 1640 384 1701 integra
396 1640 418 1687 Β
432 1639 493 1687 Cad
506 1639 539 1685 A.
568 1637 616 1686 Sed
625 1650 684 1686 tern-
714 1637 805 1686 infinita
823 1653 894 1700 parra
913 1640 1011 1688 durante
1029 1652 1134 1700 tempore
1152 1639 1243 1688 infinite
1260 1655 1337 1702 parvo,

61 1717 118 1761 pore
129 1702 200 1749 unius
211 1702 343 1749 ributionis
352 1702 435 1762 pulsus
449 1701 618 1763 progrediendo
628 1718 683 1750 con·
715 1703 817 1766 spatium
827 1700 917 1752 infinite
927 1719 1023 1764 parrum
1039 1702 1134 1751 secundi
1150 1703 1237 1750 ordinis
1253 1702 1339 1753 descri-

62 1767 111 1813 ticit
122 1765 268 1813 latitudinem
279 1781 345 1812 suam
359 1767 380 1812 B
394 1767 422 1813 C-
458 1766 524 1828 Ergo
534 1775 627 1825 ternpus
636 1782 684 1829 quo
714 1767 768 1813 bare
778 1765 875 1815 feceret:
894 1782 951 1829 ergo
961 1765 1073 1830 siquidem
1085 1767 1120 1813 ris
1129 1766 1213 1813 ruotrir
1221 1767 1306 1827 puncti
1315 1762 1346 1815 13'

59 1828 142 1888 pulsus
164 1830 276 1887 percurrit
297 1829 397 1889 spatium
417 1829 440 1876 B
457 1830 477 1875 C
494 1838 529 1874 est
545 1828 574 1874 ad
592 1838 683 1889 tempus
714 1829 785 1876 iru'us
804 1831 838 1876 ιιι
855 1842 960 1891 respectu
981 1840 1016 1878 ast
1031 1826 1122 1878 infinite
1141 1845 1218 1890 parra,
1235 1840 1338 1890 ternpore

59 1892 551 1961 descensriseaaititudipfimffl'cad
563 1895 592 1939 A.
612 1893 683 1940 Tern-
713 1845 888 1955 iniuratm
900 1890 1211 1956 qratinia‘daitiparrum
1226 1893 1340 1941 duntaxat

61 1970 107 2015 pra
121 1966 200 2001 autern
216 1971 264 2017 quo
279 1957 360 2016 pulsus
375 1956 488 2016 percurrit
503 1956 603 2016 spatium
617 1958 639 2003 A
650 1967 685 2003 est
716 1957 777 2004 tertii
787 1957 875 2005 ordinis
885 1957 1119 2014 describerefaceret;
1131 1956 1212 2004 nultus
1221 1971 1280 2018 ergo
1288 1968 1340 2005 ruc-

60 2019 91 2065 ud
101 2029 193 2078 ternpus
203 2035 251 2080 quo
262 2021 373 2079 percurrit
383 2020 483 2079 spatium
500 2021 521 2068 Β
535 2021 564 2074 C,
581 2028 609 2066 ut
620 2021 643 2066 A
654 2019 684 2067 ad
715 2029 754 2067 tus
765 2021 789 2066 in
797 2031 885 2081 puncto
895 2022 916 2070 B
925 2021 1072 2083 generabitur
1081 2019 1125 2066 nisi
1132 2019 1231 2081 spatium
1239 2020 1339 2080 descdp-

39 2108 46 2118 ·
63 2083 86 2129 B
101 2085 128 2138 C,
141 2081 246 2144 adedque
256 2082 345 2146 equale
356 2083 454 2143 tempori
464 2083 621 2130 descensusex
632 2083 684 2130 aiti-
715 2093 767 2130 tum
780 2085 801 2132 A
815 2101 829 2130 a
839 2085 869 2131 sit
879 2084 945 2132 haita
955 2083 1078 2147 quantitas,
1090 2082 1339 2145 nullaergoeriteom-

60 2145 143 2193 tudine
155 2146 171 2209 ι
186 2149 217 2193 A.
715 2148 801 2209 pressio
811 2148 872 2195 inter
882 2157 971 2208 puncta
982 2147 1004 2196 B
1016 2157 1040 2194 et
1052 2147 1080 2195 C.
1116 2147 1148 2202 Q.
1158 2162 1179 2194 e.
1192 2146 1216 2193 d.

95 2208 145 2256 Hic
158 2209 294 2266 notandum,
306 2210 368 2271 quod
379 2209 478 2258 absurda
489 2210 526 2267 rit,
537 2219 561 2258 et
570 2208 637 2258 facili
648 2225 684 2257 re·
748 2215 770 2258 5.
786 2215 857 2261 coci.
871 2216 891 2258 l.
909 2211 998 2263 Nullus
1004 2225 1060 2273 ergo
1071 2220 1183 2257 rnotusex
1192 2218 1279 2270 puncto
1289 2225 1339 2259 me·

59 2272 158 2320 futanda
174 2273 307 2332 hypothesis
322 2271 360 2319 hic
376 2286 501 2334 assumpta,
521 2274 585 2335 quod
600 2288 684 2334 nempa
715 2272 748 2321 dii
759 2273 846 2322 elsatici
856 2273 880 2321 in
889 2285 1002 2335 punctum
1011 2273 1143 2335 proximum
1151 2273 1339 2321 transferturniai

60 2337 143 2396 pulsus
165 2346 310 2404 propagetur,
337 2337 456 2396 particulis
477 2339 587 2384 euntibus
606 2347 630 2384 et
648 2353 683 2384 ra-
714 2347 766 2398 port
776 2348 869 2399 tempus
879 2337 979 2395 finitum,
995 2352 1051 2384 nam
1063 2336 1269 2397 spatiumfinitum
1281 2342 1303 2383 A
1316 2353 1337 2395 a,

59 2400 185 2447 deuntibus
196 2415 237 2459 pro
248 2400 299 2461 lege
309 2400 386 2462 gravis
402 2401 544 2447 ascendentis
555 2412 578 2447 et
588 2400 681 2448 descen·
715 2401 807 2449 nonaisi
818 2413 921 2463 tempore
931 2402 998 2450 tinito
1008 2400 1110 2462 percurri
1125 2409 1200 2462 potest
1215 2414 1257 2461 per
1273 2399 1335 2447 relo-

58 2462 142 2510 dentis.
179 2461 269 2510 Venirn
286 2463 310 2508 id
325 2464 402 2524 ipsurn
417 2473 452 2510 est
467 2465 530 2525 quod
540 2463 682 2511 demonstra·
716 2463 809 2512 citatem
820 2464 916 2513 finitam.

59 2527 147 2573 tionem
161 2527 338 2574 Neritoninnam
355 2527 444 2583 ermtit,
460 2526 603 2574 ostendendo
614 2529 682 2574 nirni-
746 2535 769 2577 6.
784 2530 853 2578 Corvi·
867 2535 890 2576 2.
909 2528 943 2578 Et
955 2527 1061 2576 velocitas
1072 2527 1138 2575 iirtita
1147 2527 1172 2574 in
1184 2535 1272 2588 puncto
1279 2527 1337 2576 cias-

58 2605 114 2636 runt
130 2606 182 2636 eam
201 2590 274 2650 ipsam
295 2589 400 2637 absurda
418 2591 540 2656 hypothesi
558 2591 683 2651 probanda
715 2590 761 2639 tica
779 2591 878 2640 excitata
895 2607 943 2639 non
964 2593 1093 2639 mutabitur
1113 2591 1160 2638 nisi
1175 2600 1226 2670 post
1244 2601 1337 2652 tempus

58 2669 126 2715 aque
136 2654 252 2700 inservire.
692 2699 696 2707 ‚
714 2654 807 2703 finitum
816 2666 840 2703 ct
851 2667 971 2718 postquam
981 2655 1109 2718 quantitate
1120 2655 1187 2702 finita
1196 2655 1335 2715 processerit.

92 2721 214 2765 Hactenus
229 2720 265 2765 uir
279 2718 435 2772 ἀοιιιιιιιιιιιι
452 2726 619 2780 requuotaren
630 2721 682 2780 qui·
717 2718 770 2766 Sint
787 2719 850 2766 enirn
867 2719 939 2767 medii
956 2718 1075 2779 patieuire
1093 2718 1120 2774 Z,
1134 2719 1165 2772 A.
1181 2719 1209 2775 B,
1229 2716 1338 2778 procedat

57 2783 270 2843 basrestr'taipossr
282 2783 460 2829 It'errtorrinnem
471 2785 683 2831 demonstrationem
715 2792 831 2844 punctum
850 2784 872 2830 A
892 2783 1012 2830 velocitate
1030 2780 1095 2829 finiti
1118 2790 1245 2844 utcumque
1267 2782 1290 2827 in
1312 2780 1336 2829 id

62 2847 186 2893 credimur.
716 2857 830 2905 punctum
851 2846 970 2907 producta.
991 2854 1015 2892 et
1035 2854 1139 2906 ternpore
1159 2842 1250 2893 iuflnitd
1267 2859 1339 2908 parto

715 2908 830 2958 describat
845 2910 945 2971 spatium
960 2904 1051 2957 infiniti
1067 2923 1164 2969 parvqrn

108 2973 147 3020 De
160 2972 266 3020 Motibus
277 2973 302 3018 in
315 2971 400 3020 Fluido
412 2972 516 3021 Elasrico
528 2973 626 3022 GenitIs.
718 2973 741 3019 A
752 2989 774 3026 a,
792 2973 889 3036 eisqui
904 2974 996 3021 sistetur
1011 2988 1038 3020 ea
1054 2971 1161 3019 velocitas
1179 2994 1198 3040 z
1244 2992 1267 3039 Α
1312 2993 1336 3042 Β

715 3035 802 3084 orietur
812 3053 840 3084 ea
851 3036 980 3085 differentia
991 3035 1074 3082 ririurn
1085 3033 1161 3082 elasti·

92 3105 113 3147 l.
128 3103 271 3163 Hypsthesis.
304 3100 416 3160 suppono
436 3099 540 3146 medium
562 3099 682 3147 elasticrrm
715 3115 795 3148 carum
805 3101 886 3161 puncti
898 3101 917 3147 Z
925 3110 948 3148 et
957 3099 1039 3162 puncti
1048 3101 1074 3156 tt,
1083 3108 1163 3161 estque
1178 3101 1337 3140 Ἰ-Τ-Ι·

57 3175 161 3212 conatam
172 3165 270 3224 punctis,
281 3167 409 3226 quantitate
419 3164 504 3226 erigud
515 3163 554 3210 aad
566 3164 683 3212 tinitiase
713 3163 955 3224 rispuncrinndvtm
963 3163 1042 3224 puncti
1051 3162 1133 3209 ZutA
1144 3161 1166 3210 B
1281 3177 1298 3211 a

58 3227 150 3284 dissitis,
168 3228 224 3273 etri
236 3227 350 3287 repuisiri
361 3224 515 3289 donatisque
529 3226 643 3274 distantia
654 3227 682 3274 ιι-
715 3228 747 3293 ιι-
759 3229 782 3274 A
792 3227 842 3275 aad
855 3229 950 3276 AB-
960 3229 982 3274 A
990 3243 1012 3284 a,
1023 3235 1047 3274 et
1057 3224 1161 3273 dividen-

58 3290 134 3336 lorurn
154 3301 294 3350 punctorum
313 3290 343 3336 ιιι
360 3291 475 3351 reciproce
492 3291 681 3351 proportionali„
712 3291 744 3339 do
765 3292 801 3337 ris
821 3290 904 3336 sistens
925 3299 1039 3347 punctum
1059 3288 1082 3335 A
1100 3287 1129 3333 ad
1146 3287 1192 3334 rim
1208 3287 1333 3349 ponent,

59 3369 102 3400 rrec
118 3353 148 3399 ad
164 3354 210 3400 alia
228 3362 315 3412 puncta
334 3364 417 3414 prater
435 3370 463 3401 ea
480 3369 533 3415 qua
551 3355 683 3402 immediata
714 3364 742 3402 ut
757 3360 772 3401 2
786 3355 874 3403 Aaad
888 3356 910 3401 A
924 3354 1058 3408 B-Aa,
1074 3350 1115 3398 sed
1132 3352 1181 3403 Aa
1196 3364 1231 3400 ert
1246 3351 1337 3401 indnitd

57 3417 164 3477 proxima
171 3428 281 3463 suntscae
289 3416 404 3464 extendit:
419 3418 463 3464 hoc
471 3417 533 3464 enim
542 3419 682 3481 modoque·
714 3432 811 3479 parrum
822 3427 925 3479 respectu
937 3415 1071 3479 quantitatis
1083 3418 1105 3462 A
1121 3417 1184 3462 13-
1198 3416 1220 3462 A
1232 3431 1253 3471 ι,
1270 3430 1335 3480 ergo,

58 3496 159 3542 cumque
167 3481 197 3527 sit
205 3480 305 3539 partium
313 3479 477 3527 mediielaatici
485 3490 573 3532 natura.
585 3483 640 3528 satis
648 3484 682 3528 ia-
714 3481 749 3528 ris
759 3483 841 3528 sistens
851 3491 965 3542 punctum
978 3480 1001 3527 A
1013 3490 1048 3526 est
1057 3477 1148 3526 infiniti
1159 3494 1235 3539 parra,
1246 3493 1336 3540 respac-

58 3544 133 3591 liciter
143 3553 337 3604 representantur
352 3544 448 3591 effectus
457 3544 498 3606 qui
509 3559 537 3591 ex
544 3559 625 3592 eorum
635 3545 683 3592 ela-
714 3554 740 3592 tu
752 3546 785 3591 ria
796 3545 876 3604 puncti
894 3545 921 3601 Z,
941 3558 994 3606 qua
1012 3552 1046 3590 est
1062 3544 1096 3588 ria
1111 3542 1198 3589 elaterii
1215 3542 1333 3601 naturalis,

59 3609 118 3655 terio
129 3608 237 3668 pendent.
713 3606 767 3656 ided
784 3608 876 3670 (eodem
892 3607 963 3655 modo
978 3621 1006 3654 ac
1021 3605 1046 3653 ιιι
1058 3606 1219 3653 Theorenratis
1237 3605 1334 3654 demon-

91 3678 113 3718 2.
129 3674 200 3719 Corol.
217 3676 237 3717 1.
257 3669 332 3717 Medii
341 3670 426 3718 eleatici
438 3679 510 3717 status
525 3670 637 3718 naturalis
647 3682 682 3718 est
713 3681 810 3719 stratum
820 3671 877 3734 fuit)
889 3669 1030 3733 probabitur,
1042 3670 1088 3716 rirn
1100 3667 1164 3715 iilam
1178 3679 1281 3730 ternpore
1296 3669 1334 3717 in-

57 3745 86 3782 ut
97 3747 184 3795 puncta
194 3734 244 3796 ejus
254 3734 346 3781 elesticrr
354 3751 368 3780 a
376 3732 495 3782 aernutud
506 3726 624 3797 aqualiter
634 3735 681 3782 dis·
714 3734 779 3782 finite
789 3750 859 3794 perro
870 3734 970 3796 spatium
981 3731 1172 3793 inflnitdpsrrunt
1181 3733 1241 3781 tertii
1249 3732 1336 3780 ordinis

58 3809 115 3846 tene.
712 3803 891 3858 producturam:
915 3813 986 3860 quare
1001 3797 1090 3844 etiamsi
1106 3796 1199 3858 singula
1219 3805 1335 3857 punctae

91 3869 113 3911 3-
125 3865 197 3912 corat.
212 3867 234 3908 2.
258 3861 351 3908 Puncta
366 3861 458 3908 eiastica
474 3861 616 3909 reiocitatcrn
628 3860 681 3908 tini-
713 3873 778 3921 parte
791 3862 812 3909 B
824 3862 897 3922 posita
907 3860 991 3924 oequaii
1002 3859 1024 3906 ri
1035 3870 1130 3922 agerent
1145 3875 1272 3922 eorumque
1288 3875 1334 3907 nu-

58 3936 106 3973 tam
118 3925 234 3985 suscipere
244 3936 340 3984 possunt
352 3925 386 3971 rei
399 3941 439 3987 per
454 3925 613 3972 immediatum
626 3941 680 3972 coa·
713 3941 791 3973 ruerus
800 3926 906 3972 infinitus
915 3925 982 3981 foret,
1000 3923 1058 3970 sires
1069 3923 1116 3969 itta
1131 3937 1212 3970 omnes
1227 3938 1274 3970 non
1291 3923 1335 3970 nisi

58 4000 147 4039 tactum
158 3989 259 4049 corporis
270 3990 334 4045 moti,
348 3988 466 4036 velocitate
476 3988 519 4035 sud
530 3988 596 4035 finiti
606 4004 680 4049 punc·
713 3991 812 4049 spatium
824 3988 914 4036 infinite
924 4002 1020 4048 parrum
1032 3986 1128 4034 secundi
1144 3986 1232 4033 ordinis
1245 3985 1336 4034 infinita

58 4063 109 4100 tum
126 4053 246 4100 eiasticum
263 4053 368 4115 urgentis
378 4053 415 4100 rei
427 4068 467 4112 per
477 4053 590 4100 actionem
607 4052 680 4100 conti·
712 4068 784 4112 parro
802 4062 905 4112 tempore
922 4067 953 4098 ex
970 4052 1045 4112 spatio
1065 4052 1088 4097 A
1103 4066 1119 4096 a
1134 4050 1215 4099 eodem
1231 4059 1336 4111 tempora

58 4129 154 4165 nuaram
166 4117 199 4162 ris
210 4115 330 4176 repuisira
342 4129 481 4177 punctorum
497 4116 643 4163 elasticorum
660 4117 679 4162 si
713 4117 827 4177 descripto
838 4116 991 4171 detraherent,
1007 4112 1200 4175 maneretitaquc
1210 4112 1280 4170 idem,
1296 4128 1336 4160 re·

57 4185 87 4229 ab
99 4181 147 4229 und
157 4190 221 4240 parte
233 4179 313 4225 fortior
322 4181 353 4226 sit
362 4179 433 4241 quarn
443 4182 473 4227 ab
483 4179 536 4226 alii.
568 4180 681 4241 Reliquas
712 4180 793 4227 incitas
824 4194 881 4242 ergo
892 4179 972 4239 puncti
983 4179 1006 4226 A
1015 4192 1063 4225 non
1071 4178 1199 4224 mutabitur
1207 4192 1236 4224 ex
1244 4178 1336 4225 actions

57 4261 138 4292 causas
149 4255 234 4297 motus,
246 4253 273 4289 ut
283 4245 427 4306 gravitatem,
439 4244 497 4291 rires
504 4243 623 4302 cannales,
635 4246 677 4291 dic.
711 4244 818 4291 omniurn
829 4254 968 4304 punctorum
975 4241 1046 4289 medii
1054 4239 1150 4296 elastici,
1162 4241 1206 4287 nisi
1217 4250 1334 4301 posttam·

56 4311 152 4357 hicnon
164 4307 344 4354 consideramus.
712 4323 757 4367 pus
773 4307 865 4354 iinitum
881 4317 905 4353 et
919 4317 1041 4369 postquam
1057 4303 1122 4352 finita
1138 4303 1266 4366 quantitate
1281 4320 1335 4367 pro·

89 4380 111 4420 4.
129 4375 209 4421 Theor.
227 4377 246 4419 1.
268 4371 292 4417 Si
304 4371 411 4418 velocitas
423 4370 487 4417 finita
497 4369 680 4432 quomodocum·
712 4373 812 4418 acuerit.

56 4453 102 4501 que
112 4437 226 4483 excitetur
237 4435 262 4481 in
273 4448 361 4496 puncto
372 4435 472 4490 eiastico,
484 4434 598 4481 distantia
609 4436 682 4496 ejusa
745 4441 768 4483 t.
784 4437 855 4483 Cerci.
866 4440 887 4481 3.
905 4432 930 4480 Si
938 4432 1110 4480 considerentur
1118 4430 1242 4479 innumera
1248 4442 1337 4493 puncta

55 4501 163 4563 proximo
178 4508 266 4560 puncto
277 4513 356 4544 versus
366 4499 429 4560 quod
441 4508 546 4544 movetur
563 4498 682 4546 minuetur
713 4499 806 4546 eiaatiea
816 4497 897 4544 ordine
908 4498 933 4543 in
944 4494 1007 4543 iinei
1017 4495 1078 4543 recti
1086 4494 1166 4556 posita
1180 4496 1336 4544 necattanda·

55 4565 122 4612 tinini
133 4564 262 4626 quantitate
273 4572 397 4624 antequam
409 4562 434 4608 in
445 4562 535 4624 reliquo
545 4561 622 4607 medio
634 4563 682 4609 iac·
714 4573 753 4610 tur
763 4562 793 4610 ad
803 4562 849 4611 alia
859 4577 912 4623 qua
923 4560 1104 4670 circumquique
1119 4559 1220 4606 solidum
1236 4560 1337 4621 spatium

56 4629 134 4677 tussit
146 4624 209 4674 ιιιιιιι
220 4635 298 4674 ιιιοιιιι
308 4625 403 4687 ullaque
419 4625 571 4684 compressio:
590 4625 637 4673 sint
650 4628 681 4683 A,
714 4627 868 4682 constituunt,
879 4625 899 4671 ιι
911 4638 1020 4672 unumre
1029 4624 1112 4670 ocitate
1120 4622 1338 4687 tinitdquicurnque

56 4690 88 4749 B,
102 4693 134 4751 C,
152 4691 196 4740 tria
213 4700 302 4752 puncta
318 4690 389 4737 medii
408 4689 495 4738 eisstici
514 4687 692 4752 aquidistsntia,
715 4704 744 4738 ex
755 4691 825 4738 causi
840 4698 958 4754 urgentur,
975 4703 1029 4752 qua
1045 4696 1153 4735 eoauaos
1163 4687 1338 4748 iaaamanaat,
