3098 5534
38 386 157 453 huns
171 386 336 465 Penius]
401 381 646 451 PRINCIPIA
668 374 1045 445 MATHEMATIGA.
1267 377 1326 433 131

41 559 220 641 pendimls,
236 560 297 623 erit
317 564 387 643 (per
403 557 508 623 Corol.
528 567 555 621 1.
572 555 667 639 Prop.
684 552 793 632 XVI.)
816 551 897 615 lutus
919 559 1039 613 rectum
1061 542 1233 631 principale
1258 541 1331 604 coni

49 665 192 729 sectionis
206 664 248 729 ed
261 664 343 728 lutus
357 676 476 728 rectum
492 660 663 746 principale
677 657 788 722 orbitae
802 658 835 720 in
850 656 971 720 ratione
985 649 1156 736 compositi
1172 672 1212 713 ex
1227 647 1330 731 dupli·

51 770 114 835 eu
132 770 255 836 ratione
265 769 558 856 peipendieulorum
575 781 607 832 et
620 763 778 851 duplicati
792 764 913 829 ratione
927 760 1136 836 velocitetum‚
1152 769 1245 844 atque
1260 755 1331 819 ideo

10 2662 12 2669 '
93 2641 166 2714 um.
193 2652 229 2736 (¹)
246 2650 336 2716 SitL
351 2649 422 2713 coni
433 2648 578 2713 sectionis
592 2647 672 2711 lotus
687 2626 815 2710 rectum.
849 2645 954 2710 Datur
961 2656 1113 2729 praeterea
1124 2644 1261 2730 ejusdem
1272 2645 1344 2708 coni

10 2806 12 2813 .
91 2756 200 2821 emens
209 2757 372 2822 umbilicus
385 2757 417 2821 S.
441 2755 560 2843 Anguli
570 2754 602 2818 R
615 2755 643 2817 P
656 2754 678 2817 S
693 2753 954 2837 complementum
964 2750 1006 2815 ed
1020 2751 1097 2814 duos
1108 2764 1208 2816 rectos
1219 2752 1275 2816 fiet
1288 2773 1344 2816 en-

10 2838 14 2859 l

10 2888 20 2901 ι

10 2910 15 2923 ι

86 2860 190 2943 gualt
202 2862 229 2927 P
240 2862 277 2927 H
291 2887 301 2940 ς
324 2874 355 2926 et
369 2862 495 2927 dubitur
505 2860 658 2945 positione
669 2859 752 2922 linea
763 2859 791 2921 P
804 2858 850 2936 H,
866 2856 970 2953 inqui
981 2855 1145 2921 umbilicus
1160 2857 1238 2922 ulter
1250 2858 1286 2921 H
1297 2859 1346 2923 lo·

10 3018 14 3027 ·
84 2979 159 3037 uter.
180 2969 329 3035 Demisso
340 2969 381 3033 nd
392 2968 420 3033 P
430 2969 466 3033 H
477 2967 701 3052 perpendiculo
711 2968 734 3031 S
746 2966 788 3043 K,
801 2965 878 3052 erigi
887 2964 1075 3053 intelligetur
1086 2965 1228 3029 seminxis
1238 2967 1347 3053 conju·

97 3241 126 3307 Γ)
156 3249 212 3293 286.
243 3243 336 3291 Solutio
355 3244 428 3308 hujus
447 3243 595 3304 psoblemstis
624 3244 683 3292 dun
721 3238 841 3291 mretiem
857 3241 966 3290 velocitas
981 3240 1182 3304 ineopunetop3
1200 3243 1265 3291 Nem
1281 3245 1347 3294 velo-

72 3307 162 3355 ΝΜ
180 3316 274 3367 μεως
293 3307 330 3355 Sit
346 3309 410 3354 enim
425 3322 532 3369 eorpuse
549 3317 638 3368 puncto
661 3309 683 3356 P
722 3305 887 3367 eiteseorporis
902 3305 1005 3369 gyrentis
1019 3306 1045 3351 in
1065 3305 1193 3354 circuloed
1213 3307 1348 3358 &mutim

71 3370 188 3419 mium
197 3371 318 3418 lineumP
331 3372 354 3419 R
365 3370 419 3419 dau
429 3386 484 3419 cum
498 3372 618 3419 velocitste
628 3387 683 3432 pro·
724 3371 742 3418 S
758 3386 774 3430 p
786 3371 845 3433 (sive
860 3384 928 3417 treus
945 3369 971 3416 in
987 3384 1016 3416 eo
1034 3368 1162 3430 descriptus
1184 3380 1347 3435 temporeque

10 3476 12 3481 .
67 3433 180 3494 iuna
194 3434 324 3482 retineenu
338 3435 400 3482 circe
416 3446 532 3495 punctum
552 3436 569 3482 S
584 3452 626 3496 per
635 3436 684 3482 vim
722 3450 789 3481 erens
803 3434 824 3480 P
836 3433 1015 3493 Qdescribitur)
1027 3442 1063 3480 eet
1076 3433 1153 3480 medin
1169 3436 1348 3494 proportionalis

10 3516 12 3521 ·
69 3498 211 3559 wulpem
240 3513 294 3560 qua
314 3499 346 3545 eit
371 3497 486 3559 reciproci
507 3498 684 3559 pmpottionelis
721 3499 783 3544 inter
792 3497 996 3557 vimeentripetnm
1010 3496 1069 3558 inp,
1085 3511 1139 3558 qun
1155 3497 1248 3545 invente
1264 3509 1306 3554 est,
1323 3511 1348 3549 et

68 3562 171 3622 prim
184 3562 303 3609 dicuntia
314 3563 426 3638 'locorum
442 3577 457 3609 a
475 3572 555 3610 centio
572 3564 684 3638 cujusque
723 3562 818 3622 duplam
835 3560 968 3607 distentiun
985 3562 1001 3607 S
1019 3576 1042 3635 p¹
1052 3563 1104 3620 (per
1120 3570 1227 3636 nitorem
1244 3563 1346 3638 circuli),

69 3626 175 3685 mh
191 3624 300 3673 Meu
313 3639 338 3673 tn
354 3626 476 3686 puuctoP
494 3628 524 3673 eit
542 3638 642 3688 eognne.
658 3625 684 3673 id
722 3626 773 3672 haec
791 3622 845 3671 veni
866 3635 901 3671 eet
921 3623 951 3670 ed
971 3624 1114 3670 velocitatem
1138 3640 1164 3670 m
1180 3625 1225 3672 hie
1246 3635 1348 3676 sectione

68 3688 267 3763 ‹fundum’ba
278 3691 331 3751 (per
343 3690 398 3737 Cor
407 3695 428 3737 1.
438 3690 508 3750 Prop.
520 3690 617 3750 Xlll.)
634 3705 684 3737 eec-
724 3687 812 3745 caniet,
829 3697 856 3735 ut
871 3687 1062 3748 perpendiculum
1078 3690 1108 3734 ab
1129 3689 1146 3734 S
1164 3689 1194 3736 ed
1211 3699 1346 3751 tangentem

10 3798 12 3807 ,
69 3759 146 3801 bu
167 3752 273 3815 ιῒηιιιιιι
295 3767 401 3801 cumcun
422 3754 490 3816 eujus
514 3753 549 3800 1⁰.
572 3754 683 3815 queritur
723 3751 1347 3812 communemdemissumndmediemproportionelem

69 3812 120 3863 Η·
138 3827 233 3864 suctim
252 3816 389 3877 principale,
406 3816 444 3864 20.
491 3818 556 3865 Doto
572 3817 684 3863 umbilico
723 3816 785 3864 inter
800 3815 932 3862 distantium
952 3816 969 3862 S
984 3831 1001 3875 p
1016 3824 1040 3861 et
1058 3815 1174 3862 semissem
1194 3817 1271 3865 lateris
1289 3818 1347 3865 recti

72 3877 159 3929 titio·
175 3880 293 3938 aetionis,
317 3890 405 3941 pineto
428 3881 456 3937 Ρ,
479 3889 589 3943 tangente
613 3881 683 3936 PR,
725 3881 792 3926 istius
802 3879 917 3926 sectionis.

71 3950 91 3989 ι
103 3942 175 3991 letae
193 3953 260 3991 ueto
280 3945 392 4005 quesitio
412 3944 471 3991 elter
488 3945 619 3996 umbilicus,
637 3959 685 4005 quo
759 3944 820 3990 Cum
837 3959 892 4007 ergo
908 3948 960 4006 (per
976 3943 1029 3990 Cor.
1045 3948 1066 3989 1.
1082 3943 1247 4003 Proval.)
1260 3946 1347 3993 Letem

72 4008 253 4067 uphem
270 4017 342 4055 etex
359 4009 448 4056 ceteris
464 4006 524 4054 datis
545 4008 685 4054 describetur
724 4016 786 4055 rectu
813 4010 951 4068 prneeipolio
977 4010 1102 4055 scamnum
1128 4008 1188 4057 circi
1211 4010 1346 4057 umbilicum

74 4070 131 4117 utic
149 4070 233 4119 euim
257 4086 332 4134 qum
353 4086 438 4133 eorpus
463 4072 606 4133 propositum
632 4085 684 4131 per·
723 4073 1039 4133 communemdescriptorum
1047 4072 1348 4134 sintinrotivnecompmiti

75 4134 141 4182 mie
723 4152 751 4183 ec
760 4135 876 4196 duplicati
886 4139 973 4183 rectione
979 4138 1221 4197 pepmnimdmmee
1232 4135 1348 4197 duplicati

101 4197 241 4258 Minium
251 4198 375 4247 „meent
385 4208 481 4260 portem,
499 4199 596 4262 fingimr
614 4197 685 4246 sectio
723 4202 810 4246 ratione
824 4202 966 4247 velocitomm
982 4208 1005 4245 et
1021 4201 1052 4245 ob
1070 4199 1134 4245 dnus
1152 4208 1274 4262 tangentes
1291 4199 1349 4261 inp

79 4260 171 4319 Q
186 4263 269 4311 conice
288 4263 357 4324 cujus
374 4263 499 4311 umbilicus
510 4265 540 4309 sit
552 4265 575 4317 S,
588 4273 613 4309 et
627 4262 686 4309 eltsr
724 4271 748 4309 et
761 4261 1048 4322 Pdenturperpendieuln
1063 4276 1092 4308 ex
1105 4263 1122 4308 S
1136 4262 1160 4308 in
1171 4278 1209 4310 ees
1227 4272 1350 4326 tangentes

81 4322 544 4374 ffliuuetlstuerectumednbitrium
552 4336 684 4383 sumuntur,
725 4325 832 4382 demisse,
849 4327 964 4387 deturque
981 4326 1090 4373 velocius
1104 4327 1206 4386 eorporis
1216 4328 1273 4374 moti
1289 4327 1315 4374 in
1328 4328 1350 4375 P

82 4384 252 4452 dinquovis
267 4390 320 4452 ejus
329 4391 452 4451 punctoP
468 4391 523 4438 duci
541 4390 624 4451 poterit
634 4401 686 4436 ten·
725 4399 749 4437 et
764 4390 858 4437 invente
868 4390 898 4437 sit
908 4390 1015 4436 velocitas
1024 4389 1050 4435 in
1068 4401 1156 4450 puncto
1166 4407 1189 4451 p,
1206 4391 1276 4439 detur
1291 4391 1350 4439 ratio

84 4458 132 4506 μ,
145 4454 373 4516 etqimntitnsvisin
383 4469 412 4501 eo
425 4464 513 4514 puncto
523 4455 566 4501 erit
585 4454 685 4516 cognite,
726 4453 803 4499 leteris
821 4453 878 4500 recti
899 4454 1007 4500 sectionis
1029 4463 1154 4514 assumptio
1172 4455 1203 4502 ed
1220 4456 1282 4502 latus
1300 4471 1350 4502 ιω·

85 4515 169 4562 (ἰώ
178 4516 209 4564 nd
218 4517 268 4564 vim
278 4517 305 4564 in
320 4527 409 4577 puncto
418 4518 440 4565 P
449 4534 502 4579 quae
512 4518 567 4564 dete
577 4528 611 4564 est
627 4518 688 4563 reci-
727 4526 778 4562 tum
789 4518 896 4565 sectionis
912 4533 984 4580 quam
1001 4532 1084 4577 eorpus
1096 4518 1118 4565 P
1136 4519 1259 4579 describit5
1279 4519 1352 4577 Quod

86 4576 166 4630 &ut
174 4580 288 4644 qum
297 4581 413 4629 boeotum
425 4582 476 4642 Sp,
495 4582 512 4629 S
525 4582 562 4640 1’;
581 4580 690 4630 Invenie-
725 4596 783 4644 ergo
793 4581 918 4637 invenitur,
935 4590 1030 4644 eritque
1039 4582 1150 4642 primum.
