3098 5534
115 364 157 419 ⁸⁸
445 364 787 435 PHILOSOPHIAE
811 355 1088 431 NATURALIS
1164 352 1317 432 [Axmrs.
1334 366 1415 417 arn·

116 518 302 604 Exponatur
320 521 416 607 igitur
434 520 504 584 haec
518 519 664 584 velocitas
687 537 745 600 per
770 512 922 578 chordam
946 514 1038 581 arcils
1053 515 1086 582 T
1109 516 1151 581 A.
1196 515 1412 584 Nemi-eloci-

115 637 211 690 tatem
225 625 354 710 penduli
369 627 402 689 in
415 639 533 711 puncto
547 625 656 688 infimo
671 643 737 686 esse
751 633 787 684 ut
800 619 951 685 chordam
961 621 1064 701 arcias,
1088 643 1183 709 quem
1196 621 1340 688 cadeudo
1354 623 1410 691 de·

116 733 246 816 scripsit,
261 733 434 817 propositio
448 745 494 796 cst
507 753 635 819 geome-
650 744 677 806 fi
717 741 749 807 G
1371 749 1374 753 ·

116 838 172 901 tris
194 837 364 901 notissima.
410 837 488 901 Post
510 837 633 900 reflexi-

117 964 211 1006 onem
224 943 384 1025 perveniat
406 964 518 1026 corpus
545 942 576 1006 A
591 941 633 1005 ad

116 1046 221 1110 locum
243 1069 267 1125 s,
294 1058 326 1110 et
339 1069 453 1131 corpus
480 1046 509 1110 B
523 1046 564 1110 ad
586 1046 634 1109 lo-
664 1098 687 1168 S

117 1173 190 1215 cum
203 1152 236 1216 k.
281 1151 425 1215 Tollntur
436 1173 549 1234 corpus
562 1150 634 1214 Bet
671 1177 701 1233 T

118 1256 295 1320 inveniatur
314 1255 401 1318 locus
421 1278 440 1317 v
455 1279 465 1332 ;
487 1277 507 1319 a
529 1276 593 1341 quo
607 1256 634 1320 si
672 1309 675 1313 x
690 1236 721 1302 V

121 1382 234 1444 corpus
257 1360 288 1424 A
303 1359 484 1423 demittatur
506 1372 539 1423 et
562 1373 635 1444 post

118 1486 214 1528 unam
234 1463 458 1528 oscillationem
472 1463 579 1528 redeat
600 1463 640 1528 ad

118 1572 222 1634 locum
237 1593 262 1649 r,
278 1571 316 1635 iit
328 1594 343 1634 s
357 1584 371 1635 t
384 1594 457 1656 pars
471 1581 582 1658 quarta
594 1571 690 1657 ipsius
704 1594 721 1635 r
735 1595 755 1636 v
769 1572 827 1638 sita
837 1573 870 1637 in
884 1573 999 1653 madio,
1023 1575 1068 1640 ita
1081 1573 1226 1641 videlicet
1238 1586 1274 1640 ut
1287 1597 1305 1640 r
1318 1597 1334 1639 s
1348 1585 1380 1641 et

115 1658 343 1763 tvaequentur}
355 1686 453 1758 etper
463 1676 615 1742 chordam
628 1679 718 1742 arcis
733 1691 746 1742 t
763 1682 792 1743 A
812 1693 989 1764 exponatur
1011 1681 1167 1760 velocitas,
1183 1704 1278 1768 quam
1293 1703 1407 1767 corpus

119 1786 150 1850 A
165 1786 310 1869 proxime
323 1796 395 1870 post
405 1785 606 1849 reflexionem
615 1784 726 1851 habuit
739 1786 772 1850 in
787 1786 857 1850 loco
868 1780 908 1852 A.
932 1789 968 1873 (⁰)
985 1789 1069 1854 Nam
1084 1800 1097 1851 t
1116 1789 1176 1853 erit
1190 1788 1277 1853 locus
1291 1788 1345 1853 ille
1357 1808 1409 1850 se·

118 1914 171 1955 rus
186 1903 217 1956 et
231 1904 397 1970 correctus,
413 1891 455 1956 ad
463 1914 556 1978 quem
565 1914 677 1976 corpus
693 1893 734 1970 A,
751 1892 869 1957 sublati
884 1895 964 1957 airis
978 1893 1159 1974 resistentiri,
1174 1894 1344 1960 ascendere
1354 1892 1408 1957 de·

118 1999 243 2064 huissct
289 1999 388 2064 Simili
403 1997 553 2063 methodo
567 1998 769 2086 corrigendus
784 1999 842 2063 erit
855 1999 942 2064 locus
953 2001 984 2080 k,
1001 2001 1041 2064 ad
1056 2023 1150 2088 quem
1170 2023 1284 2085 corpus
1301 2001 1330 2065 B
1358 2021 1407 2064 as-

118 2107 231 2184 cendit,
247 2118 279 2170 et
293 2104 495 2169 inveniendus
506 2105 592 2170 locus
607 2105 630 2184 l,
646 2104 686 2169 ad
701 2127 794 2192 quem
808 2127 920 2190 corpus
932 2106 1009 2170 illud
1024 2106 1190 2171 ascendere
1201 2105 1359 2171 debuisset
1371 2104 1405 2171 in

118 2236 226 2278 vacuo.
272 2212 350 2277 Hoc
364 2223 456 2296 pacto
471 2210 608 2295 experiri
622 2210 694 2275 licet
708 2210 822 2288 omnia,
844 2212 974 2296 perinde
988 2235 1024 2276 ac
1038 2213 1064 2276 si
1083 2212 1117 2276 in
1131 2234 1229 2277 vacuo
1248 2208 1408 2276 constituti

118 2342 261 2384 essemus.
306 2319 451 2383 Tandem
469 2317 647 2382 ducendum
666 2317 725 2381 erit
744 2339 859 2402 corpus
875 2319 906 2382 A
931 2319 1033 2403 (utita
1058 2318 1173 2398 dicam)
1196 2319 1229 2382 in
1254 2317 1406 2383 chordam

118 2425 208 2491 arctis
224 2426 256 2490 T
272 2425 312 2502 A,
328 2448 399 2512 quae
414 2423 607 2489 velocitatem
622 2424 687 2508 ejus
701 2421 836 2502 exhibet,
852 2436 888 2488 ut
898 2422 1049 2489 habeatur
1056 2438 1159 2490 motus
1173 2427 1238 2511 ejus
1251 2425 1285 2487 in
1295 2423 1417 2499 locolt¹

118 2531 261 2618 proxime
276 2543 348 2595 ante
362 2530 562 2595 reflexionem
567 2554 576 2610 ς
598 2527 713 2594 deinde
727 2528 760 2592 iu
769 2528 918 2595 chordam
933 2532 1023 2596 arcirs
1039 2544 1051 2595 t
1066 2533 1108 2610 A,
1124 2545 1160 2596 ut
1172 2532 1325 2613 habeatur
1339 2552 1408 2595 mo-

119 2653 168 2704 tus
183 2642 248 2724 ejus
262 2640 295 2700 in
309 2637 380 2700 loco
395 2639 427 2700 A
437 2637 581 2720 proxime
594 2647 666 2720 post
679 2635 888 2702 reflexionem.
934 2638 977 2702 Et
996 2639 1039 2701 sic
1048 2661 1161 2723 corpus
1182 2638 1211 2702 B
1228 2636 1408 2701 ducendum

119 2747 179 2811 erit
193 2747 226 2808 in
241 2742 391 2807 chordam
405 2741 494 2806 arctis
510 2742 539 2806 B
552 2741 574 2820 l,
591 2752 625 2806 ut
639 2741 790 2806 habeatur
809 2756 910 2808 motus
925 2747 990 2830 ejus
1004 2745 1148 2829 proximi
1171 2755 1242 2829 post
1264 2741 1408 2806 reflexio·

119 2874 201 2918 nem.
247 2851 290 2914 Et
304 2849 396 2912 simili
411 2847 568 2927 methodo,
585 2847 638 2911 ubi
653 2870 785 2934 corpora
798 2849 862 2914 duo
883 2851 974 2915 simul
988 2851 1193 2916 demittuntur
1207 2851 1246 2914 de
1262 2849 1338 2914 locis
1360 2848 1409 2912 di·

119 2957 223 3035 versis,
239 2955 416 3020 inveniendi
435 2967 507 3019 sunt
520 2966 622 3021 motus
633 2955 791 3042 utriusque
806 2969 870 3021 tam
889 2970 971 3035 ante,
994 2980 1088 3043 quam
1101 2968 1173 3042 post
1192 2956 1392 3019 reflexionem
1397 2980 1408 3034 ς

119 3079 151 3132 et
165 3077 231 3129 tum
243 3063 368 3127 demum
379 3060 558 3126 conserendi
572 3072 644 3124 sunt
657 3073 759 3126 motus
773 3061 853 3127 inter
868 3086 900 3128 sc
920 3079 951 3128 ct
965 3063 1132 3151 colligendi
1146 3062 1271 3125 effectus
1286 3061 1409 3125 reflexi-

120 3172 197 3237 onis.
243 3170 319 3234 Hoc
333 3168 428 3232 modo
447 3168 480 3231 in
499 3165 643 3251 pendulis
657 3166 773 3252 pedum
792 3168 901 3233 decem
916 3192 982 3233 rem
996 3169 1156 3246 tentando,
1181 3167 1275 3253 idque
1289 3167 1322 3229 in
1337 3189 1409 3231 cor·

119 3279 248 3369 poribus
263 3290 326 3342 tam
340 3275 544 3362 inaequalibus
563 3298 657 3362 qnam
677 3255 857 3362 oequalibus,
881 3289 912 3341 et
930 3277 1073 3340 faciendo
1094 3287 1129 3339 ut
1148 3296 1281 3359 corpora
1299 3273 1339 3338 de
1360 3274 1408 3336 in·

120 3386 253 3454 tervallis
267 3384 471 3468 amplissimis,
487 3379 562 3469 putri
576 3381 692 3465 pedum
707 3396 778 3446 octo
792 3383 840 3446 vel
851 3382 1016 3447 duodecim
1031 3383 1080 3446 vel
1095 3381 1261 3458 sexdecim,
1278 3400 1410 3443 concur-

120 3506 238 3572 rerant3
261 3492 362 3577 reperi
377 3512 498 3576 semper
512 3490 578 3552 aino
593 3511 698 3553 errore
721 3488 814 3553 trium
823 3490 991 3577 digitorum
1018 3490 1051 3553 in
1075 3487 1237 3565 mensuris,
1262 3484 1315 3549 ubi
1337 3506 1409 3549 cor-

120 3625 207 3672 tionem
218 3622 243 3668 in
254 3619 342 3681 duplici
353 3632 450 3666 “censu
461 3627 485 3665 et
495 3617 620 3674 descensu3
636 3614 707 3679 quari
718 3625 746 3663 ut
777 3617 877 3662 acubus
887 3608 1007 3675 descriptis
1016 3612 1206 3675 proportionales,
1219 3611 1264 3658 erit
1274 3624 1343 3656 arcus
1356 3612 1373 3659 S
1384 3613 1407 3660 A

119 3689 232 3737 bshastur
248 3684 320 3732 medii
337 3681 462 3731 retardatio
477 3683 504 3729 in
521 3696 570 3728 uuo
590 3691 684 3728 tantum
705 3679 746 3727 do-
778 3678 858 3742 (¹)ad
876 3694 957 3726 arcum
977 3680 1035 3726 ltA
1050 3679 1129 3743 (1)ut
1139 3675 1409 3725 retardatioarcusSA

118 3768 209 3804 meam,
228 3747 342 3797 menda
359 3757 395 3794 ast
405 3757 487 3809 quarta
496 3760 551 3805 pars
560 3744 632 3792 totius
641 3743 743 3791 retarda-
774 3759 828 3804 quoe
842 3743 952 3790 statuimr
969 3759 1018 3789 csse
1028 3745 1051 3796 b,
1068 3758 1109 3790 seu
1127 3753 1210 3804 quarta
1227 3753 1281 3798 pars
1296 3738 1372 3785 totius

119 3817 197 3868 tionis.
215 3814 240 3862 id
249 3824 286 3860 est
294 3821 377 3874 quarta
386 3826 440 3871 pars
449 3825 518 3857 arctis
530 3810 554 3857 lt
565 3809 596 3862 V.
614 3807 743 3855 dummodo
782 3811 805 3857 lt
815 3810 846 3866 V,
858 3808 887 3856 sd
899 3807 1074 3856 retardationem
1086 3806 1154 3867 primi
1163 3821 1229 3853 arms
1240 3806 1264 3854 ll
1275 3806 1357 3868 Aqua
1365 3807 1408 3855 erit

119 3881 159 3929 illa
169 3879 294 3927 descensus
304 3889 419 3938 nequeas
430 3884 518 3935 puncto
528 3888 637 3934 supremo
656 3874 686 3927 R,
704 3887 744 3919 ne.

118 3958 165 4007 que
181 3959 210 3991 sa
221 3942 301 3989 infimo
315 3937 462 3987 Vsrdistur:
484 3952 539 3984 uam
555 3952 611 3984 cum
628 3936 703 3999 major
718 3936 749 3983 sit
773 3970 803 4034 E

119 4008 190 4054 medii
202 4003 325 4054 retudstio
334 4004 359 4050 in
370 4017 426 4050 arcu
441 4001 525 4063 majori
535 4016 607 4062 quam
617 4000 642 4046 in
653 4000 746 4055 minori,

119 4086 256 4133 semperque
270 4069 328 4115 fiant
343 4068 446 4113 nuuorcs
462 4080 530 4112 arem
540 4081 555 4112 a
565 4063 669 4124 peradulo
679 4063 747 4110 cacil-

119 4135 183 4182 lante
193 4132 310 4194 descripti,
325 4129 452 4192 iunquales
460 4144 554 4191 quoque
565 4139 634 4203 erunt
645 4127 778 4213 retardes-R

119 4199 195 4245 tiones
206 4200 230 4244 in
241 4195 341 4258 singulis
351 4196 457 4246 arculm
477 4203 502 4239 et
518 4195 641 4239 retardatio
651 4191 747 4239 descen-

119 4256 788 4330 susperllA,majoreritqusrtdpsrtetotiusS

119 4325 281 4372 retardat¹onis
301 4325 325 4372 R
336 4323 359 4369 V
371 4331 399 4368 ut
416 4319 540 4368 renrdstio
550 4319 628 4367 claun
639 4334 748 4366 saccum

121 4391 144 4437 A
158 4391 187 4442 V,
198 4389 275 4434 minor
287 4388 332 4433 erit
340 4385 422 4448 quani
429 4395 494 4446 parta
504 4383 576 4431 totius
586 4382 747 4430 retardationis
785 4384 814 4444 T

123 4454 146 4500 ll
159 4453 188 4498 V.
224 4452 279 4498 lloc
295 4461 375 4498 autem
394 4459 436 4497 aut
454 4448 524 4494 simili
535 4446 626 4495 calculo
636 4447 746 4493 determi-

119 4517 183 4563 nasit
196 4516 326 4562 Newronus
337 4513 477 4574 punctumS
494 4511 539 4559 tale
550 4521 577 4558 ut
588 4509 711 4557 retardatio
721 4510 746 4556 in
819 4486 851 4550 V

119 4582 231 4629 demum
245 4593 287 4639 per
302 4580 319 4626 S
332 4579 353 4624 A
366 4573 744 4639 sitqusrtaparstotiusmtards·

119 4645 189 4692 sionis
202 4645 226 4692 R
238 4643 269 4690 V.
285 4643 384 4689 Dicatur
394 4656 462 4687 meru
475 4641 499 4688 st
511 4643 542 4692 A.
555 4646 576 4693 t.
592 4653 660 4685 arcam
675 4638 696 4684 rt
709 4638 741 4690 V,

119 4712 166 4764 sb,
179 4722 247 4757 arcus
256 4707 368 4771 quassitus
380 4705 465 4763 ssa,
477 4701 744 4768 dntqusmtardstiouea
