3098 5534
108 390 401 476 [rasurarum]
447 394 689 461 PRINCIPIA
713 385 1085 458 MATHEMATICA.
1340 390 1404 450 428

106 568 628 650 etCG‚QSetCE)CE÷
649 567 1172 635 BG-FRadCE-FS,
1209 564 1404 650 Venim(ob

107 674 358 758 proportionales
375 675 404 739 B
421 676 453 741 G
468 676 509 740 ad
526 676 553 740 C
570 677 599 741 Ε
614 688 646 741 et
661 675 701 740 M
715 712 760 725 -
774 675 808 740 N
822 674 863 738 ad
878 675 924 754 N)
947 686 993 738 est
1010 674 1102 738 etiam
1120 674 1148 738 C
1165 674 1194 737 E
1214 683 1246 748 -Ι-
1268 674 1296 737 Β
1315 673 1346 737 G
1362 669 1403 735 ad

109 781 138 845 C
153 781 183 844 E
198 793 234 845 ut
249 781 290 846 M
305 781 346 846 ad
361 783 411 846 N:
436 780 474 866 (¹¹)
493 781 626 868 ideoque
641 783 765 846 divisim
782 782 809 845 F
826 783 856 846 R
871 781 911 845 ad
931 781 958 844 F
974 782 997 846 S
1016 792 1052 844 ut
1074 781 1113 844 M
1128 780 1169 843 ad
1186 780 1227 857 N,
1253 791 1284 844 et
1307 800 1405 863 prop-

108 903 193 950 terea
207 909 266 971 per
282 888 389 952 Corol.
406 896 436 952 2.
455 888 549 974 Prop.
567 890 722 967 XCVII„
738 888 917 973 superficies
933 887 962 951 E
976 887 1002 950 F
1018 887 1102 973 cogit
1115 907 1239 969 corpus,
1254 885 1287 948 in
1302 885 1403 970 ipsam

107 993 281 1057 secundum
295 995 411 1058 lineam
426 995 460 1059 D
472 995 499 1059 F
509 996 660 1073 incidens,
676 1017 808 1083 pergere
820 995 853 1057 in
864 994 946 1057 linea
960 994 987 1057 F
999 993 1030 1057 R
1041 992 1082 1056 ad
1093 991 1196 1055 locum
1214 991 1252 1055 B.
1277 991 1318 1067 Q
1331 1014 1358 1055 e.
1370 991 1403 1058 d.
1466 994 1468 997 ’

150 1102 305 1166 Scholion.
351 1099 471 1164 Eadem
487 1101 637 1167 methodo
651 1124 783 1189 pergere
796 1101 905 1165 liceret
919 1099 960 1164 ed
975 1099 1154 1183 superficies
1169 1110 1233 1162 tres
1256 1097 1305 1162 vel
1328 1097 1400 1182 plu·

109 1229 169 1270 res.
215 1206 269 1270 Ad
284 1229 359 1269 usus
375 1220 478 1271 autem
494 1209 614 1292 opticos
628 1209 764 1272 maxime
775 1206 1018 1271 accommodatae
1028 1217 1101 1269 sunt
1109 1205 1220 1292 figurae
1232 1204 1402 1289 sphaericoe.

109 1315 144 1378 Si
159 1313 411 1397 perspicillorum
426 1316 506 1378 vitra
528 1316 683 1400 objectiva
705 1337 746 1380 ex
767 1317 853 1380 vitris
878 1315 1002 1379 duobus
1028 1313 1181 1399 spbaerice
1207 1315 1348 1402 figuratis
1371 1327 1403 1379 et

108 1442 221 1505 aquam
237 1420 318 1483 inter
333 1443 366 1484 se
381 1421 598 1486 claudentibus
621 1423 817 1499 conflentum
839 1421 909 1485 fieri
933 1433 1037 1506 potest
1061 1432 1098 1484 ut
1122 1444 1141 1484 a
1166 1420 1404 1486 restrictionibus

108 1552 198 1616 aquae
213 1551 336 1595 errores
350 1530 581 1610 refractionum,
598 1555 670 1617 quoe
684 1533 765 1597 fiunt
779 1533 812 1596 in
826 1532 978 1595 vitrorum
995 1531 1218 1616 superficiebus
1240 1532 1410 1610 extremis,'

109 1640 184 1704 satis
198 1637 342 1721 accurati
357 1642 564 1726 corrigantur.
609 1641 702 1707 Talia
715 1655 816 1706 autem
833 1643 913 1706 vitra
927 1642 1080 1726 objectiva
1095 1643 1182 1706 vitris
1206 1642 1348 1727 ellipticis
1369 1654 1402 1707 et

106 1747 317 1833 hyperbolicis
332 1747 527 1831 praeferenda
541 1761 624 1827 sunt,
640 1771 705 1813 non
721 1748 821 1813 solum
836 1749 922 1835 quod
944 1749 1062 1813 facilius
1086 1763 1118 1814 et
1141 1751 1314 1814 accuratius
1336 1749 1402 1814 for·

108 1856 188 1920 mari
201 1857 332 1940 possint,
349 1856 404 1920 sed
419 1858 512 1922 etiam
527 1858 612 1944 quod
635 1858 797 1943 penicillos
819 1858 978 1923 radiorum
1002 1871 1092 1923 extra
1115 1854 1208 1924 axeni
1231 1861 1302 1924 vitri
1326 1861 1410 1924 sitos

109 1966 282 2030 accuratius
298 1964 479 2054 refringant.
526 1965 646 2031 Verium
671 1980 777 2031 tamen
800 1966 922 2031 diversa
947 1967 1141 2032 diversorum
1166 1968 1326 2032 radiorum
1351 1989 1400 2031 re-

107 2074 312 2162 frangibilitaa
326 2077 551 2161 impedimento
565 2089 620 2155 est,
637 2075 701 2162 qud
714 2077 818 2141 minus
832 2077 936 2161 optica
949 2097 1007 2161 per
1021 2077 1138 2164 figuras
1160 2077 1210 2141 vel
1233 2077 1400 2162 spbaericas

106 2183 155 2247 vel
172 2184 248 2249 alias
264 2167 467 2271 quascunque
482 2185 591 2269 perfici
605 2185 712 2268 possit.
758 2184 829 2250 Nisi
844 2184 957 2271 corrigi
972 2185 1092 2268 possint
1107 2206 1227 2248 errores
1241 2183 1327 2249 illinc
1337 2187 1400 2249 ori·

106 2289 195 2369 undi,
211 2290 305 2355 labor
319 2293 421 2355 omnis
435 2292 469 2355 in
485 2292 606 2356 coeteris
620 2291 812 2378 corrigendis
835 2290 869 2372 (ἵ)
890 2288 1033 2376 imperitd
1048 2291 1259 2356 collocabitur.

141 2507 177 2572 (¹¹)
195 2510 209 2539 ⁸
227 2507 325 2570 ideoque
335 2509 431 2564 diciano
444 2507 486 2555 dc.
517 2507 581 2554 Nam
592 2521 647 2554 corn
658 2504 688 2554 sit
699 2508 739 2570 (ex
769 2505 870 2569 qualiter
879 2503 1024 2568 colliguntur
1034 2521 1049 2554 e
1058 2505 1118 2552 vitro
1128 2504 1224 2562 carleti,
1243 2504 1288 2552 niel
1298 2506 1350 2569 ejus
1362 2506 1400 2557 fo.

108 2571 282 2631 demonstratis)
297 2573 326 2619 M
338 2591 344 2618 r
362 2573 385 2618 N
396 2590 431 2617 =
445 2572 466 2618 C
478 2571 501 2618 E
513 2571 546 2636 -l-
559 2572 580 2618 B
592 2572 615 2618 G
623 2597 656 2608 -
666 2571 687 2618 F
697 2571 736 2618 R:
770 2587 813 2617 cus
823 2570 880 2617 adeo
890 2579 993 2618 remotus
1004 2569 1034 2618 sit
1043 2579 1071 2618 ut
1081 2569 1229 2617 intervallum
1247 2570 1308 2618 inter
1324 2570 1399 2620 diver·

109 2635 387 2683 cE-Fs=cn
445 2634 522 2682 BG:
539 2634 602 2690 ΟΕ,
621 2633 665 2682 erit
681 2633 739 2682 divi-
765 2640 808 2681 ’ω
824 2632 877 2682 illas
893 2633 1008 2696 imaginor
1024 2634 1075 2696 ejus
1091 2642 1195 2694 mpectu
1215 2633 1399 2691 eraneaenttcd

107 2699 151 2745 sim
165 2699 213 2747 M:
228 2700 296 2746 N:
311 2699 330 2746 F
344 2700 385 2746 R:
432 2699 456 2745 S.
771 2706 880 2745 manente
890 2697 953 2745 lente
962 2697 1082 2761 objectiri,
1093 2707 1162 2745 aucto
1172 2698 1226 2745 foco
1235 2697 1305 2745 lentis
1318 2698 1399 2748 ocule·

140 2764 171 2825 (¹)
197 2766 210 2793 ⁸
235 2762 343 2826 Imperiti
362 2765 514 2811 roborabitur.
560 2761 623 2810 Vide
640 2761 739 2823 primam
771 2762 803 2808 ris
813 2761 953 2808 diminuitur
963 2761 987 2808 in
999 2761 1081 2808 eidem
1093 2761 1181 2809 ratione
1191 2760 1343 2872 amplificatio
1355 2763 1398 2812 cb-

108 2838 198 2887 prutem
218 2826 273 2873 Lib·
289 2827 308 2873 1.
322 2827 419 2886 Opticer
431 2826 600 2883 Newtonianra,
620 2827 660 2874 ubi
672 2840 736 2890 egre-
767 2825 841 2889 jecti3
857 2825 889 2872 sic
901 2840 957 2887 ergo
971 2824 1119 2887 quantumvis
1137 2835 1230 2872 accuret

106 2890 151 2950 giis
162 2890 326 2950 experimentis
336 2901 417 2937 auctor
428 2890 592 2937 demonstrarit
611 2890 687 2937 radios
703 2890 739 2937 di·
770 2899 811 2937 tur
820 2889 879 2936 radii
890 2903 930 2950 per
941 2889 1059 2952 objectiva
1070 2888 1138 2936 lentis
1148 2888 1256 2952 figuram
1273 2889 1322 2937 brac
1332 2890 1398 2938 foco-

106 2954 167 3000 versi
188 2953 272 3001 coloris
294 2969 343 3001 erae
365 2955 435 3001 etiam
458 2951 547 3000 diverse
565 2953 739 3017 refmngibsseu
771 2968 825 3000 rum
854 2951 1014 3013 multiplicitas
1036 2952 1173 3014 neutiquam
1199 2955 1329 3015 corrigetur
1352 2955 1397 3003 nisi

107 3018 170 3064 unde
182 3018 209 3064 tt
220 3027 247 3065 ut
257 3017 326 3064 focus
341 3017 411 3065 lentis
426 3018 545 3081 objectiva·
561 3018 739 3080 telesccpiotum
770 3016 893 3078 dispendio
903 3016 1087 3077 amplificationis
1103 3016 1200 3081 objecti:
1222 3017 1283 3065 Hac
1296 3019 1398 3067 Themis

107 3081 144 3140 (in
155 3098 203 3142 quc
214 3081 240 3128 ot
250 3083 395 3143 objectorum
406 3081 484 3144 imago
502 3097 556 3143 quta
572 3089 636 3128 trans
652 3081 738 3128 vitrum
772 3082 915 3129 Newtonum
932 3079 963 3128 cd
979 3079 1136 3128 intentionem
1148 3079 1337 3142 Telesccpiomm
1350 3082 1396 3131 Co·

105 3145 201 3192 oeulare
213 3145 339 3206 spectatur)
352 3160 400 3193 non
411 3146 441 3192 sit
452 3145 545 3202 unicus,
565 3147 605 3192 sed
624 3144 691 3192 focus
702 3160 739 3192 ra·
770 3144 921 3205 toptricorum
931 3143 1037 3200 deduxit,
1048 3159 1101 3207 que
1113 3143 1183 3205 Prop.
1198 3149 1220 3193 t.
1231 3154 1254 3193 et
1265 3151 1288 3192 8.
1302 3146 1356 3194 Lib.
1372 3152 1394 3194 1.

105 3207 199 3256 diorum
211 3209 365 3256 riolacecrum
377 3209 544 3256 remotissimus
559 3209 588 3256 ait
598 3212 628 3256 ab
638 3209 734 3266 oculari,
770 3209 866 3268 Opticer
876 3211 906 3258 eb
923 3208 973 3271 ipso
991 3207 1143 3270 explicantur,
1163 3217 1187 3255 et
1204 3224 1258 3271 qua
1276 3225 1331 3256 rum
1350 3209 1394 3258 leri

104 3273 174 3319 focus
195 3272 314 3320 radiorum
336 3276 458 3320 rubromm
482 3274 512 3320 rit
532 3274 659 3333 proximus,
676 3273 735 3320 radii
768 3271 898 3321 mutatione
909 3272 933 3320 in
945 3287 1015 3320 usum
1026 3272 1243 3320 communissimum
1255 3273 1343 3320 tenire.

107 3348 162 3400 *rgo
173 3352 203 3384 cx
214 3337 261 3384 illia
272 3337 340 3385 ranis
353 3337 495 3401 imaginibus
510 3339 660 3400 precedentes
677 3337 735 3384 inte·

575 3565 673 3616 FINlS
690 3564 788 3615 ΤΟΜΙ
807 3563 927 3615 Parni.

1261 2825 1398 2889 colligeren-
1472 2890 1474 2895 ἲ
