3074 5520
190 373 254 431 ‘248
519 358 865 463 PHILOSOPHIAE
886 355 1188 425 NATURALIS
1238 351 1361 432 [Mor-
1374 349 1492 415 Corsos

192 539 231 600 17
260 544 293 603 01
327 540 378 609 18,
415 529 625 597 describentes
651 528 859 594 ¹altitudinem
893 526 1013 613 padum
1050 523 1260 612 qmndoeim
1291 535 1329 589 et
1355 520 1493 608 digim

190 637 337 703 duorum.

234 745 297 810 Per
328 743 483 809 theoriam
515 743 627 811 cadere
659 743 837 811 debuerunt
865 756 1008 829 tempore
1042 741 1307 817 00011101100001
1341 747 1383 805 16
1408 759 1492 826 qun

189 855 344 940 proxime.

214 965 348 1045 bepet-
366 969 395 1028 7.
442 959 540 1025 Globi
563 972 697 1046 quatuor
717 960 860 1047 pondere
876 963 960 1041 0981
974 980 1069 1048 gran.
1086 959 1125 1025 in
1140 960 1228 1025 aere
1241 968 1280 1023 et
1296 961 1362 1040 851
1373 956 1490 1044 grani

190 1067 272 1154 aqud
287 1089 371 1152 saepe
385 1065 523 1143 demissi,
547 1066 701 1132 cadebant
721 1081 863 1151 tempore
877 1066 1113 1132 oscillationum
1132 1069 1220 1147 291,
1239 1073 1298 1142 80,
1316 1068 1391 1145 801,
1404 1071 1490 1141 sust

195 1189 227 1241 et
249 1185 301 1252 38,
325 1173 537 1240 describentes
563 1173 760 1241 altitudinem
784 1175 902 1262 pedum
924 1175 1110 1262 quindecim
1139 1187 1180 1239 et
1203 1173 1306 1262 digiti
1332 1174 1421 1238 unias
1437 1195 1489 1239 u

192 1305 330 1349 semisse.

236 1395 298 1463 Per
329 1390 481 1456 theoriam
515 1389 628 1457 cadere
657 1390 836 1456 debuerunt
866 1400 1008 1473 ternpore
1040 1387 1302 1455 oscillationum
1332 1396 1375 1455 28
1405 1411 1485 1476 qun

192 1524 347 1590 proxime.

237 1609 373 1674 Carnam
388 1606 603 1693 investigando
617 1626 674 1671 cur
681 1604 865 1691 globorum,
880 1605 1020 1693 ejusdem
1034 1605 1204 1690 ponderis
1223 1622 1262 1673 et
1276 1606 1482 1696 magniuuluia

193 1719 290 1805 aliqui
306 1719 396 1782 eitius
411 1717 463 1780 alii
478 1716 596 1781 tardius
619 1715 776 1793 caderent,
799 1715 833 1779 in
847 1715 931 1781 hanc
944 1714 1060 1790 ineidi3
1083 1715 1183 1802 quud
1197 1716 1297 1804 globi
1312 1716 1367 1781 nbi
1379 1716 1483 1801 pr'm

193 1829 437 1895 demittebantur
451 1839 484 1892 et
497 1826 609 1909 0011010
623 1825 824 1910 incipiebant,
848 1824 1027 1890 oscillarent
1041 1823 1175 1889 circum
1199 1838 1332 1902 cenna,
1353 1823 1483 1889 latendr

193 1934 278 2021 quod
292 1934 372 1999 forte
386 1933 512 2020 gravius
526 1943 608 1998 esset
621 1933 759 2017 primum
772 1930 993 2007 descendente,
1014 1943 1048 1996 et
1063 1945 1200 1997 motum
1215 1931 1483 2018 oscillatoriumge

194 2054 334 2113 iterante.
379 2039 464 2105 Nam
477 2061 536 2125 per
550 2038 757 2103 oscillationes
781 2060 854 2103 snas
866 2038 980 2126 globus
1001 2038 1165 2124 majorem
1187 2053 1325 2106 motum
1346 2040 1483 2106 cunum·

194 2163 245 2216 cat
265 2137 366 2237 aqiue,
394 2149 537 2237 quamsi
559 2148 626 2212 sine
647 2146 894 2211 oscillationibus
917 2145 1150 2224 descenderet3
1181 2160 1218 2214 et
1237 2149 1481 2224 commitenda

195 2258 308 2323 amittit
327 2269 450 2342 partem
471 2252 574 2321 motta
594 2253 716 2339 proprii
729 2275 793 2340 quo
814 2252 1005 2319 descendere
1018 2252 1178 2321 deberet:
1202 2269 1239 2322 et
1254 2278 1321 2341 pro
1334 2259 1438 2344 majoee
1447 2254 1481 2320 01

196 2363 318 2427 minore
327 2360 529 2438 oscillatione,
545 2359 645 2447 magis
660 2358 710 2425 vel
721 2357 824 2422 minus
837 2357 1025 2424 retardatur.
1061 2358 1265 2434 Quinetiam
1276 2362 1392 2451 globus
1403 2361 1481 2426 raud

195 2468 453 2555 semperalatere
468 2480 524 2531 suo
539 2466 624 2551 quod
638 2487 696 2550 per
711 2464 935 2530 oscillationem
949 2464 1126 2542 descendit,
1145 2480 1183 2532 et
1197 2469 1388 2535 recedendo
1398 2491 1482 2556 egro

194 2582 327 2667 pinquat
340 2580 489 2645 lateribus
497 2578 578 2643 vasis
588 2589 619 2642 et
633 2578 666 2641 in
679 2576 778 2641 latera
791 2596 1017 2661 nonnunquam
1030 2574 1244 2663 impingitur.
1282 2580 1329 2645 Et
1343 2580 1408 2645 1100
1417 2578 1482 2644 ord·

196 2686 271 2753 latio
285 2687 319 2751 in
333 2686 434 2775 globis
455 2685 651 2774 gravioribus
672 2682 782 2747 fortior
803 2695 860 2763 est,
882 2682 917 2747 in
937 2682 1108 2767 majoribus
1131 2706 1263 2772 aquam
1284 2692 1387 2779 magia
1404 2691 1482 2778 egb.

198 2795 409 2883 Quapropter,
437 2807 473 2860 ut
493 2793 644 2859 oscillatio
668 2792 837 2880 globorum
854 2791 957 2857 minor
976 2790 1183 2872 redderetur,
1211 2797 1339 2884 globos
1357 2819 1441 2863 nom
1454 2816 1482 2860 er

197 2906 268 2971 cerri
294 2917 326 2969 et
347 2904 478 2988 plumbo
501 2902 672 2978 construxi,
702 2899 864 2987 infigendo
889 2899 1056 2984 plumbum
1081 2899 1118 2963 in
1145 2900 1239 2966 latus
1267 2903 1399 2991 aliquod
1420 2902 1482 2991 glub'

197 3016 297 3098 prope
311 3009 509 3094 superficiem
524 3010 607 3093 ejus3
621 3021 653 3071 et
667 3007 796 3094 globum
811 3006 854 3070 ita
868 3005 990 3084 demisi,
1008 3019 1043 3070 ut
1056 3005 1144 3070 latus
1160 3011 1316 3095 gravius,
1332 3011 1482 3098 qmadbui

198 3120 309 3206 potuit,
336 3130 418 3182 esset
442 3116 585 3180 infimum
607 3115 648 3178 ab
667 3114 756 3177 initio
778 3112 956 3177 descensus.
1003 3111 1056 3178 Sic
1080 3113 1313 3183 oscillationes
1333 3119 1416 3182 farne
1432 3130 1483 3180 m

199 3228 299 3294 multo
313 3228 449 3291 minores
464 3247 559 3311 quam
573 3225 671 3310 prius,
687 3236 719 3287 et
732 3223 819 3310 globi
834 3222 1027 3306 temporibus
1040 3223 1152 3288 minus
1165 3225 1484 3314 inaequalibmeeride

200 3350 283 3416 runt,
300 3350 336 3401 ut
349 3337 383 3401 iu
398 3335 619 3420 experimentis
635 3333 845 3419 sequentibus.

243 3452 359 3531 Esper.
376 3457 406 3511 8.
439 3444 537 3511 Globi
552 3456 695 3530 quatuor,
711 3441 851 3527 pondere
865 3462 1036 3528 granorum
1047 3441 1158 3509 18910
1174 3448 1256 3511 aere
1271 3454 1363 3532 0161
1378 3448 1483 3533 10001,

201 3581 285 3645 saepe
299 3557 435 3636 demissi,
452 3555 630 3621 oeciderunt
644 3554 838 3639 temporibus
853 3552 1083 3617 oscillationum
1097 3574 1169 3618 non
1184 3556 1336 3640 plurium
1350 3582 1435 3647 quan
1445 3566 1482 3631 11,

202 3691 265 3733 000
280 3669 462 3753 pauciorum
484 3687 578 3752 quam
600 3673 653 3741 50,
678 3676 709 3727 et
729 3661 865 3726 maidmrl
881 3683 922 3725 ex
936 3674 1025 3744 parte
1039 3671 1191 3745 tempore
1211 3667 1438 3732 0001110110οω
1453 3673 1480 3730 tl

201 3779 333 3853 circiter,
350 3776 559 3841 describentes
575 3772 769 3838 altitudinem
784 3772 955 3859 digitorum
973 3780 1045 3838 182.

248 3886 310 3950 Per
324 3883 476 3947 theoriam
493 3881 604 3945 cadere
619 3880 796 3944 debuerunt
811 3890 952 3961 tempore
967 3877 1209 3947 oscillationunr
1226 3894 1274 3951 52
1290 3887 1418 3951 circiter.

245 3995 361 4076 Exper.
376 4000 407 4056 9.
438 3989 536 4053 Globi
558 4000 700 4074 quatuor,
727 3984 869 4069 pondere
890 3987 1060 4071 granorum
1076 3987 1165 4075 1781
1182 3990 1217 4053 10
1233 3996 1313 4057 abre
1327 4008 1360 4058 et
1375 3989 1443 4065 1101
1459 3987 1481 4048 10

202 4098 292 4185 aqua,
317 4097 432 4182 soepius
451 4095 587 4172 demissi,
615 4093 795 4159 cecideruut
816 4091 1009 4176 temporibus
1030 4093 1276 4164 oscillationum
1299 4123 1364 4165 non
1384 4096 1482 4185 pande

203 4228 273 4271 rum
289 4225 383 4291 quam
402 4212 453 4281 10,
468 4225 533 4266 non
548 4201 686 4287 plurium
702 4221 796 4286 quam
816 4206 866 4275 18,
882 4199 1094 4264 describentes
1109 4201 1322 4272 altitudinem
1343 4208 1481 4295 digium

206 4322 278 4378 182.

248 4421 309 4485 Per
331 4420 483 4484 theoriam
506 4417 581 4481 verb
603 4417 636 4479 hi
657 4417 744 4504 globi
767 4416 879 4483 cadere
901 4415 1078 4480 debuerunt
1104 4429 1259 4505 tempore
1286 4425 1488 4491 oscillation‘

206 4527 265 4605 111
282 4524 528 4611 quamproxime.
613 4551 615 4554 ·

222 4681 225 4684 -
247 4634 362 4715 Esper.
383 4641 430 4697 10.
464 4632 572 4719 Globi,
583 4644 725 4717 quatuor,
750 4631 889 4716 pondere
911 4653 1082 4718 granorum
1100 4644 1167 4701 884·
1184 4639 1220 4703 in
1235 4646 1313 4708 aare
1328 4659 1358 4708 a
1373 4645 1439 4721 ¹¹⁹l
1456 4638 1479 4698 ’0
