3098 5534
68 384 184 451 Lim
199 384 363 467 Peneon]
409 384 652 465 PRINCIPIA
674 382 1047 453 MATHEMATICA.
1288 389 1349 446 att
1406 385 1410 402 '

550 748 740 824 suerro
761 748 875 845 vur.

65 932 129 1004 De
144 933 340 1006 inventione
355 933 489 1005 orbium
504 933 540 1004 in
557 932 680 1028 quibus
694 955 844 1029 corporo
860 932 992 1007 uiribus
1008 935 1262 1035 quibuscunque
1277 963 1352 1013 cen-

444 1050 580 1144 tripetit
595 1049 730 1144 agitato
746 1051 986 1123 revolvuntur.

298 1271 584 1339 rnoeosrrro
606 1270 681 1336 xu
726 1238 999 1340 nunonem
1022 1276 1126 1343 x111.

66 1446 103 1512 Si
126 1465 239 1529 coeptes,
260 1454 380 1529 cognite
401 1445 434 1509 ui
454 1440 625 1529 quicunque
647 1443 821 1527 centripetti,
853 1456 1001 1510 nomam
1026 1456 1177 1531 utumque,
1203 1461 1233 1514 ct
1251 1472 1354 1535 coeptu

108 1552 196 1615 alind
219 1547 302 1615 reetd
321 1548 461 1614 uscmdot
483 1550 529 1613 uel
553 1550 717 1630 descendet,
742 1552 856 1633 sintque
882 1572 979 1615 corun
1010 1554 1174 1617 velocitates
1198 1557 1231 1618 in
1254 1558 1355 1640 ulique
1465 1607 1467 1617 .

108 1657 266 1740 aeqrtoliun
275 1656 466 1719 altitudinum
479 1677 550 1719 catu
562 1656 700 1738 aquales,
715 1658 879 1720 velocitates
893 1677 991 1720 eorum
1005 1658 1038 1720 in
1052 1656 1182 1724 omnibus
1195 1662 1355 1744 Quolibet

108 1763 317 1827 altitudinibus
326 1769 412 1824 errent
424 1759 560 1844 equulei.

110 1910 293 1978 Descendit
306 1932 422 1994 corpus
437 1910 564 1996 aliquod
578 1910 618 1975 ab
633 1912 666 1977 A
678 1935 737 1997 per
751 1914 797 1992 D,
814 1916 853 1993 E,
867 1915 910 1980 ed
924 1929 1065 1982 centrum
1080 1919 1119 1996 C,
1142 1933 1174 1984 et
1194 1930 1355 1985 moveatur

69 2041 183 2104 corpus
198 2018 283 2084 aliud
297 2042 316 2083 a
331 2017 361 2080 V
375 2021 409 2081 in
422 2017 504 2082 linet
519 2019 613 2083 curvi
628 2019 660 2082 V
674 2021 692 2085 1
708 2018 741 2085 K
755 2022 787 2086 k.
832 2023 951 2087 Centro
966 2023 994 2087 C
1009 2025 1176 2088 intervallis
1195 2026 1354 2111 quibusvis

67 2125 284 2189 describantur
299 2124 407 2189 circuli
422 2125 611 2189 conoentrici
624 2126 658 2192 D
675 2127 705 2204 Ι,
728 2125 759 2191 Ε
777 2127 809 2191 Κ
824 2140 918 2192 rectoe
940 2129 972 2193 A
988 2129 1063 2193 Cin
1078 2130 1112 2194 D
1126 2142 1159 2194 et
1179 2129 1219 2209 Ε,
1234 2152 1354 2195 curvae-

68 2230 175 2317 queV
191 2231 207 2294 1
225 2230 256 2294 K
272 2230 337 2293 inI
360 2242 392 2294 et
416 2230 449 2293 K
471 2242 679 2296 occurrentes.
722 2232 881 2320 Jungatur
904 2232 967 2298 lc
992 2256 1047 2297 oc-

67 2356 196 2399 currens
212 2335 273 2419 ipsi
289 2334 321 2398 K
337 2333 366 2397 E
381 2336 415 2398 in
439 2335 492 2411 N;
513 2349 546 2400 et
568 2337 602 2400 in
618 2337 635 2401 Ι
652 2337 684 2401 Κ
709 2337 891 2404 demittetur
912 2360 1048 2425 perpen-

70 2439 210 2504 diculum
226 2440 256 2504 N
274 2440 325 2515 T;
348 2440 449 2525 sitque
464 2441 783 2509 momferentiomm
795 2443 984 2509 cinctionem
998 2444 1046 2509 in·
1151 2505 1154 2511 .

68 2547 234 2611 tertullum
250 2546 283 2611 D
308 2546 338 2610 E
362 2547 412 2610 vel
436 2547 453 2610 I
481 2548 514 2611 N
536 2570 630 2634 quam
656 2550 831 2628 minimum,
853 2562 888 2636 et
911 2549 1048 2615 babeant

70 2675 205 2737 corpora
219 2653 252 2714 iu
264 2652 298 2715 D
308 2663 340 2715 et
356 2651 561 2718 lvelocitotes
572 2655 716 2740 tequalee.
762 2656 920 2732 Quoniam
929 2655 1046 2720 distan-

69 2760 122 2825 tioe
139 2759 167 2822 C
182 2759 231 2843 D,⁸
244 2757 274 2823 C
289 2758 305 2821 1
321 2771 494 2843 aequantur‚
506 2772 598 2824 erunt
612 2761 694 2825 viree
705 2761 885 2845 centripetae
896 2760 929 2823 in
940 2761 974 2827 D
984 2760 1045 2825 etl

71 2867 215 2952 equales.
261 2867 470 2950 Exponantnr
494 2867 545 2957 hee
571 2868 651 2931 vires
675 2888 733 2952 per
758 2868 894 2954 aequales
916 2868 1045 2932 lineolae

74 2972 108 3038 D
125 2971 198 3050 qu
215 2970 267 3046 N;
290 2984 321 3034 et
335 2971 361 3034 si
378 2971 423 3034 vis
438 2992 501 3034 una
516 2971 533 3036 1
551 2972 582 3035 Ν
598 2977 667 3057 (per
681 2973 786 3060 legum
802 2973 908 3036 Corol.
930 2973 974 3052 2.)
996 2995 1045 3038 re·
1097 2975 1134 3046 Τ

72 3079 211 3142 solvatur
226 3080 258 3141 in
273 3078 352 3143 dnus
368 3079 401 3142 N
416 3079 448 3143 T
462 3091 495 3143 et
510 3079 526 3143 1
543 3079 584 3156 T,
600 3079 647 3143 vie
672 3079 705 3144 N
724 3079 765 3157 T,
792 3078 915 3166 agendo
937 3100 1045 3142 secun·
1070 3067 1112 3138 K

72 3186 145 3249 dum
163 3189 277 3251 lineam
294 3187 326 3249 N
342 3187 373 3250 T
388 3188 527 3269 corporis
550 3187 655 3250 cursui
677 3186 693 3249 Ι
709 3186 742 3248 Τ
756 3186 789 3249 Κ
810 3185 1045 3269 perpendicula·

72 3313 149 3369 rem,
166 3293 210 3355 nil
224 3293 357 3356 mutabit
372 3292 566 3355 velocitatem
580 3291 719 3374 corporis
733 3290 768 3354 in
789 3312 881 3354 cursu
902 3290 967 3368 illo,
990 3289 1046 3355 red

72 3400 209 3465 retrahet
224 3400 422 3465 solummodo
436 3422 550 3485 corpus
563 3422 584 3462 a
597 3419 694 3462 cursu
708 3396 878 3475 rectilineo,
893 3396 1045 3484 facietque

71 3503 174 3587 ipsum
189 3506 229 3568 de
244 3506 328 3569 orbis
343 3517 490 3591 tangente
512 3518 665 3588 perpetuo
689 3502 864 3581 deflectere,
880 3503 974 3588 inque
995 3504 1045 3567 vii

71 3612 242 3677 curvilineir
270 3613 335 3677 IT
352 3613 420 3677 Kk
445 3612 603 3700 progredi.
648 3611 688 3676 In
712 3610 774 3676 boc
797 3611 907 3675 effectu
928 3611 1045 3696 produ-

70 3718 172 3781 cendo
186 3719 232 3781 vis
248 3719 301 3784 illa
323 3733 389 3783 totu
412 3733 632 3784 consumetur:
655 3721 702 3783 vis
724 3732 828 3785 eutem
850 3719 947 3783 altera
969 3720 1043 3794 1T,

68 3826 240 3889 secundnm
271 3830 410 3912 corporis
441 3850 566 3891 cursum
596 3826 732 3913 agendo,
767 3838 832 3889 tota
861 3826 1043 3889 accelerabit

66 3929 156 4006 illud,
173 3953 209 3993 ac
224 3932 297 3995 dato
313 3944 453 4016 ternpore
474 3953 568 4016 quam
593 3932 722 3994 minimo
746 3930 1000 3995 accelerationem
1023 3930 1184 4017 generabit
1208 3927 1265 3991 sibi
1291 3926 1350 4010 ipsi

66 4039 346 4122 proportionalem.
379 4039 418 4123 (Ι)
436 4039 572 4103 Proinde
588 4061 756 4123 corporum
767 4039 800 4101 in
814 4038 890 4104 Det
905 4040 922 4102 1
934 4038 1169 4103 accelerationes
1182 4034 1352 4122 aequnlibut

100 4207 136 4268 (ἵ)
155 4213 168 4238 ”
188 4208 287 4256 Proinde)
303 4225 423 4269 tomorum
438 4212 463 4256 in
480 4213 508 4257 D
526 4220 547 4257 et
558 4214 576 4258 1
583 4213 695 4258 accelero-
726 4219 804 4258 numm
815 4210 969 4272 inaequalilm
978 4219 1006 4256 nt
1015 4209 1074 4256 vire·
1084 4206 1252 4256 mtenrtce
1262 4214 1349 4252 ottem-

67 4273 138 4318 tiones
148 4275 272 4333 aquantibus
288 4276 423 4331 temporibus
432 4276 508 4336 sueta
519 4284 573 4321 stent
584 4284 610 4321 ut
629 4278 696 4322 linea
726 4289 784 4335 pora
793 4274 952 4335 conjunctim
967 4274 1007 4320 ted
1019 4273 1085 4319 tineo
1098 4272 1122 4320 D
1135 4272 1167 4328 E,
1179 4271 1235 4327 ῙιΤ,
1252 4278 1308 4317 mm
1322 4279 1350 4317 ut

67 4337 94 4382 D
107 4338 138 4388 E,
152 4338 168 4382 l
181 4339 208 4382 T.
244 4337 305 4382 Sunt
323 4336 386 4381 enirn
405 4336 464 4382 vireo
482 4336 651 4384 eccelerateieen
669 4348 696 4384 nt
727 4338 787 4384 viret
796 4337 964 4384 ooedmuicen
974 4338 999 4383 in
1009 4335 1173 4383 directionibus
1194 4333 1262 4389 DE,
1283 4332 1349 4391 th

67 4397 243 4444 acceleratione
251 4409 377 4451 nascentes,
398 4414 440 4445 teu
457 4398 601 4446 celetitutum
619 4401 694 4446 inere-
723 4399 782 4462 erge
792 4415 914 4459 eotponrm
925 4400 951 4445 iu
963 4400 987 4446 D
996 4398 1045 4446 etl
1061 4398 1239 4445 nocelmutionet
1254 4396 1349 4458 equut-

67 4471 148 4507 menta
159 4463 275 4508 nascentia
286 4461 371 4508 directi
382 4472 405 4508 et
415 4462 615 4522 temporainvene
632 4463 693 4525 (13),
726 4466 771 4510 bera
779 4463 922 4523 temporibus
932 4462 999 4510 taeta
1009 4471 1065 4508 mut
1073 4471 1101 4508 ut
1117 4461 1185 4508 linere
1206 4462 1228 4508 D
1241 4460 1271 4515 E,
1285 4460 1298 4507 Ι
1311 4461 1348 4518 Te
1416 4490 1419 4497 -

67 4522 132 4570 tundi
143 4525 285 4584 temporibus
303 4526 432 4586 equalibus
449 4526 624 4572 woelcrationet
641 4542 693 4572 nes·
725 4526 866 4586 temporibut
876 4537 955 4573 eutem
971 4524 1124 4589 inoequnlibut
1134 4534 1160 4572 ut
1178 4525 1248 4573 lineo
1263 4523 1310 4571 illa
1325 4536 1349 4572 tn

67 4595 146 4635 oente·
162 4598 217 4634 tunt
235 4598 262 4634 ut
281 4588 341 4634 vires
358 4587 536 4645 eccelerutrieet,
552 4588 694 4650 temporibus
724 4589 989 4652 temporumujuuctim.

100 4670 161 4720 Vox.
178 4670 200 4719 1.
693 4673 718 4727 Q
841 4688 844 4693 ¹
