3098 5534
545 454 552 472 .
653 325 657 334 '
699 356 942 427 aucroms
1422 372 1457 434 11

160 527 327 594 referatur.
372 529 449 606 Quo
463 551 558 596 sensu
570 530 753 599 mechanica
765 534 925 599 rationalis
940 533 999 598 erit
1019 534 1148 599 scientio
1168 549 1321 616 motuum,
1345 541 1399 625 qul
1421 557 1463 603 ex

160 636 279 701 viribus
296 636 537 724 quibuscunque
550 639 710 718 resultant,
727 653 759 705 et
774 641 887 705 virium
909 662 980 727 qum
1001 641 1043 705 ed
1064 654 1168 706 motus
1190 667 1393 732 quoscunque
1412 667 1463 710 re·

166 744 342 830 quiruntru,
366 744 512 810 accurate
531 748 693 833 proposita
712 772 749 813 ac
771 750 993 815 demonstrata.
1039 752 1118 816 Pars
1139 753 1209 817 haec
1232 755 1423 819 mechanicus
1443 778 1464 819 a

170 851 320 915 veteribus
334 852 370 915 in
382 853 531 937 potentiis
545 854 684 941 quinque
698 857 740 921 ad
754 869 837 922 artes
850 858 1012 923 manuales
1024 861 1239 944 spectantibus
1250 863 1377 927 exculta
1390 862 1461 941 fuit,

170 961 219 1046 qui
232 961 422 1048 gravitatem
438 966 524 1046 (cum
537 964 678 1047 potentia
690 965 844 1031 manualis
857 988 924 1030 non
938 967 990 1047 sit)
1011 968 1066 1031 vix
1080 968 1170 1032 aliter
1185 992 1279 1055 quam
1294 971 1327 1033 in
1341 972 1463 1055 pondo·

168 1070 252 1134 ribus
266 1093 326 1155 per
338 1070 498 1155 potentias
512 1071 580 1136 illas
595 1073 759 1138 movendis
773 1074 1020 1139 considerarunt.
1068 1076 1135 1140 Nos
1150 1089 1256 1143 autem
1265 1099 1331 1140 non
1342 1079 1463 1143 artibus

168 1179 222 1243 sed
236 1179 449 1265 philosophiae
464 1183 671 1262 consulentes,
687 1183 789 1271 deque
803 1184 951 1268 potentiis
965 1206 1030 1248 non
1044 1186 1242 1250 manualibus
1257 1186 1313 1249 sed
1335 1198 1463 1251 nature-

167 1289 247 1353 libus
262 1289 444 1368 scribentes,
461 1314 500 1355 ea
512 1293 649 1358 maxime
663 1306 842 1372 tractamus,
859 1317 930 1382 quoe
945 1295 986 1359 ad
1001 1296 1197 1383 gravitatem,
1213 1296 1381 1375 levitatem,
1398 1298 1463 1361 vim

168 1400 336 1478 elasticam,
351 1402 559 1468 resistentiam
571 1404 743 1469 fluidorum
757 1417 789 1469 et
803 1405 955 1490 ejusmodi
970 1407 1051 1469 vires
1067 1427 1122 1470 seu
1137 1407 1316 1472 attractivas
1331 1432 1387 1472 seu
1403 1409 1463 1472 im-

167 1511 303 1593 pulsivas
319 1524 481 1597 spectant:
504 1527 536 1578 et
549 1514 586 1579 eh
600 1527 740 1600 propter,
755 1514 827 1578 haee
847 1527 955 1579 nostra
975 1528 1125 1601 tanquam
1147 1516 1356 1601 philosophice
1378 1519 1463 1601 prin·

167 1620 246 1704 cipia
260 1621 483 1686 mathematica
496 1623 711 1708 proponimus.
750 1622 863 1687 Omnis
878 1623 962 1686 enim
976 1622 1185 1708 philosophiae
1200 1624 1364 1688 difficultas
1379 1625 1412 1688 in
1424 1647 1463 1690 eo

168 1728 282 1790 versari
297 1727 432 1805 videtur,
448 1741 485 1792 ut
499 1753 519 1793 a
531 1729 748 1815 phaenomenis
762 1740 905 1794 motuum
920 1731 1142 1818 investigemus
1157 1732 1238 1795 vires
1253 1743 1384 1809 naturae,
1406 1731 1462 1797 de·

166 1833 237 1897 inde
252 1834 294 1898 ab
309 1833 360 1897 his
373 1835 493 1899 viribus
508 1836 757 1901 demonstremus
769 1835 979 1922 phaenomena
994 1838 1122 1923 reliqua
1169 1837 1213 1900 Et
1234 1836 1296 1901 huc
1319 1850 1464 1923 spectant

165 1943 397 2030 propositiones
411 1945 584 2034 generales,
600 1967 678 2032 quas
692 1946 775 2010 libro
789 1944 893 2032 primo
908 1958 939 2008 et
953 1946 1093 2010 secundo
1107 1946 1376 2029 pertractavimus.
1422 1946 1464 2013 In

165 2050 243 2115 libro
267 2062 375 2115 autem
400 2051 494 2116 tertio
516 2050 696 2136 exemplum
717 2051 810 2137 hujus
832 2052 879 2115 rei
899 2051 1120 2137 proposuimus
1142 2073 1200 2135 per
1221 2052 1462 2137 explicationem

164 2158 341 2245 systematis
355 2159 518 2247 mundani.
563 2160 614 2226 Ibi
629 2160 722 2239 enim,
739 2183 781 2224 ex
793 2159 1009 2245 phaenomenis
1030 2160 1216 2235 coelestibus,
1238 2183 1297 2244 per
1317 2161 1463 2246 proposi-

163 2266 264 2330 tiones
280 2266 418 2331 inlibris
431 2267 590 2351 prioribus
605 2266 823 2333 mathematice
837 2267 1076 2340 demonstratas,
1097 2265 1279 2330 derivantur
1293 2267 1374 2332 vires
1388 2290 1462 2356 grn-

161 2376 275 2453 vitatis‚
292 2375 409 2462 quibus
424 2396 559 2460 corpora
572 2374 615 2440 ad
628 2375 727 2449 solem
741 2387 774 2438 et
786 2375 927 2460 plmretas
942 2373 1082 2461 singulos
1096 2373 1239 2438 tendunt.
1276 2373 1406 2438 Deinde
1420 2397 1463 2440 cx

161 2483 207 2547 his
223 2483 347 2548 viribus
362 2504 421 2568 per
434 2482 664 2568 propositiones
678 2482 772 2546 etiam
786 2481 1031 2559 mathematicas,
1047 2479 1247 2545 deducuntur
1267 2493 1372 2544 motus
1392 2482 1461 2567 pla·

161 2605 317 2669 netarum,
335 2604 538 2667 cometarum,
554 2590 638 2654 lunae
653 2603 686 2655 et
698 2590 804 2654 meris.
849 2590 981 2656 Utinam
996 2600 1111 2660 caetera
1120 2600 1242 2654 naturae
1252 2589 1461 2672 phaenomena

161 2722 199 2762 ex
223 2697 390 2783 principiis
417 2696 605 2762 mechanicis
631 2696 743 2762 eodem
769 2695 1010 2785 argumentandi
1034 2719 1150 2784 genere
1176 2695 1318 2763 derivare
1342 2696 1460 2764 liceret.

162 2810 246 2872 Nam
261 2807 365 2872 multa
377 2830 428 2870 me
442 2818 580 2884 movent,
603 2818 640 2869 ut
652 2805 797 2870 nonnihil
811 2806 950 2890 suspicer
965 2828 1003 2869 ea
1016 2806 1122 2870 omnia
1136 2828 1178 2869 cx
1191 2806 1310 2870 viribus
1331 2808 1461 2895 quibus·

162 2919 231 2982 dam
246 2915 390 3003 pendere
403 2938 507 3001 posse,
523 2916 637 3002 quibus
652 2937 820 3000 corporum
831 2915 993 3000 particulae
1011 2937 1070 3001 per
1091 2937 1200 2980 causas
1221 2917 1363 2982 nondum
1386 2941 1462 3007 cog·

163 3029 239 3092 nites
254 3026 307 3090 rel
322 3027 356 3088 in
371 3049 405 3090 se
420 3024 532 3089 mutub
547 3026 750 3110 impelluntur
765 3039 797 3091 et
807 3025 980 3091 secundum
991 3025 1109 3113 figuras
1118 3025 1276 3115 regulares
1288 3027 1458 3104 cohaerent,

162 3137 207 3201 vel
222 3135 416 3200 abinvicem
433 3132 587 3221 fugantur
609 3148 640 3198 et
661 3132 831 3198 recedunt:
855 3133 967 3220 quibus
989 3133 1107 3197 viribus
1128 3133 1254 3222 ignotis,
1278 3133 1459 3219 philosophi

161 3245 311 3310 hactenus
325 3255 472 3307 naturam
487 3241 603 3307 frustra
617 3254 786 3306 tentarunt.
832 3243 933 3326 Spero
949 3252 1054 3332 nutem
1068 3241 1154 3332 quod
1167 3242 1218 3305 vel
1231 3241 1306 3305 huic
1318 3241 1460 3328 philoso-

160 3355 280 3440 phandi
294 3352 402 3432 modo,
419 3352 469 3417 vel
483 3351 598 3416 veriori
612 3351 715 3431 alicui,
730 3352 887 3437 principia
898 3350 952 3415 hic
970 3352 1074 3437 posita
1094 3351 1197 3417 lucem
1219 3353 1354 3442 aliquam
1375 3373 1461 3441 proe-

160 3463 288 3529 bebunr.
1214 3547 1218 3553 ‚

199 3575 241 3640 ln
256 3575 310 3639 his
324 3573 466 3653 edendis,
483 3576 531 3641 vir
545 3576 741 3642 acutissimus
756 3576 835 3642 etin
856 3573 942 3640 omni
963 3572 1126 3641 literarum
1146 3597 1263 3664 genere
1284 3574 1459 3640 eruditissi-

157 3701 225 3745 mus
242 3680 435 3747 Edmundus
452 3681 599 3748 Hnlleius
615 3705 744 3769 operam
760 3683 894 3761 navavit,
911 3705 970 3747 nec
985 3684 1088 3753 solum
1101 3684 1336 3770 typothetarum
1351 3683 1458 3768 sphal-

157 3801 241 3852 mata
255 3789 396 3853 oorrexit
410 3800 442 3853 et
457 3788 616 3854 schemata
629 3789 726 3854 incidi
740 3790 868 3867 curarit,
885 3788 941 3854 sed
956 3791 1048 3855 etiam
1064 3803 1173 3855 auctor
1193 3789 1261 3869 fuit,
1285 3804 1322 3856 ut
1342 3791 1458 3856 horrmr

158 3895 327 3961 editionem
342 3895 542 3985 aggrederer.
589 3898 718 3985 Quippe
732 3920 805 3962 cum
819 3897 1064 3963 demonstratam
1079 3922 1099 3962 a
1111 3921 1162 3963 me
1182 3899 1318 3987 figuram
1332 3899 1457 3964 orbium

161 4003 331 4068 scelestium
353 4005 583 4087 impetraverat,
606 4027 720 4093 rogare
741 4028 807 4069 non
832 4005 960 4084 destitit,
987 4018 1023 4070 ut
1047 4005 1179 4070 eandem
1206 4028 1278 4070 cum
1301 4005 1458 4073 societate

163 4111 272 4199 Regali
287 4112 565 4189 communicarem,
582 4135 653 4199 quae
673 4112 788 4178 deinde
808 4112 984 4178 hortatibus
1007 4126 1038 4178 et
1059 4113 1202 4202 benignis
1225 4114 1288 4178 suis
1310 4115 1458 4201 auspiciis

159 4219 271 4297 effecit,
286 4232 322 4283 ut
345 4219 386 4283 de
405 4217 517 4284 eidem
538 4220 573 4283 in
593 4219 697 4283 lucem
719 4220 888 4286 emittendi
911 4221 1050 4309 cogitare
1072 4221 1253 4305 inciperem.
1298 4221 1345 4286 At
1370 4236 1457 4309 post-

157 4352 252 4416 quam
266 4341 412 4392 motuum
426 4328 584 4393 lunarium
600 4329 827 4416 inaequalitates
842 4353 1008 4418 aggressus
1023 4354 1133 4409 essem,
1156 4331 1272 4397 deinde
1286 4334 1379 4397 etiam
1396 4334 1458 4400 alia

156 4451 279 4502 tentare
295 4438 470 4523 ooepissem,
486 4460 557 4522 quae
572 4438 615 4504 ad
626 4438 713 4527 leges
728 4453 760 4504 et
772 4462 935 4505 mensuras
949 4442 1111 4530 gravitatis
1125 4452 1157 4506 et
1178 4441 1310 4508 aliarum
1332 4445 1455 4524 virium,

157 4560 188 4610 et
202 4545 326 4636 figuras
341 4569 362 4610 s
373 4548 558 4632 corporibus
572 4548 745 4614 seeundum
760 4548 849 4615 datas
864 4573 1065 4637 quascunque
1080 4551 1165 4639 leges
1180 4556 1319 4620 attractis
1339 4554 1456 4622 descri-
