3074 5520
225 346 286 460 ne
548 388 1197 461 rmnosorrummrutmus
1253 386 1509 473 [uncum

225 567 416 652 Exemplum
431 567 583 631 habemus
597 567 630 629 in
646 567 828 651 corporibus
842 566 1034 654 magneticia.
1082 566 1222 630 Horum
1247 565 1355 630 virtus
1377 564 1509 629 attractiva

221 676 407 740 terminatur
422 673 486 737 fere
501 675 535 737 in
549 675 597 736 sui
611 677 735 765 generis
750 676 934 759 emporibus
950 676 1009 740 sibi
1022 675 1194 760 proximis.
1247 674 1417 762 Magnetis
1438 675 1507 738 virtu

220 809 277 872 per
292 787 506 870 interpositam
527 785 676 848 laminam
690 786 764 849 ferri
779 786 982 864 contrahitur,
1006 786 1085 850 etin
1099 785 1230 849 laminii
1247 783 1319 848 fer&
1343 785 1506 849 terminu.

222 899 305 962 Nam
320 919 453 980 corpora
467 897 615 960 ulteriora
629 919 693 961 non
708 911 772 961 tam
787 921 806 960 a
819 912 965 984 magnete
977 919 1073 983 quarn
1087 918 1109 960 a
1119 895 1250 960 lamini
1266 895 1446 959 trahuntur.
1471 892 1506 957 tt

219 1006 354 1103 euirtlem
370 1007 499 1071 modum
515 1008 541 1072 si
555 1008 718 1092 particulae
731 1007 842 1094 fugant
855 1009 932 1072 alias
945 1008 1008 1071 suit
1016 1006 1145 1094 generis
1160 1004 1350 1090 particulas
1365 1004 1424 1068 sibi
1434 1024 1503 1088 pm·

218 1115 306 1192 imas,
330 1117 362 1178 in
377 1116 545 1199 particulas
560 1130 665 1180 autem
680 1117 862 1181 remotiores
884 1118 1030 1181 virtutem
1054 1115 1183 1179 nullam
1207 1128 1400 1190 exerceant,
1420 1112 1502 1177 exin·

213 1223 353 1306 jurmodi
368 1225 528 1307 particulis
543 1238 771 1309 componentur
784 1224 881 1289 fluida
894 1226 935 1290 de
951 1227 1065 1311 quibua
1079 1239 1196 1289 actum
1213 1238 1270 1289 eat
1286 1226 1322 1288 in
1340 1224 1399 1288 haic
1414 1223 1499 1309 Ρη»

217 1333 338 1397 titione.
385 1332 483 1408 Quod
509 1333 535 1397 si
552 1330 723 1419 ‘particulae
751 1338 901 1422 cujusque
929 1339 1028 1401 virtus
1056 1338 1092 1400 iu
1122 1336 1302 1403 infinitum
1331 1350 1497 1421 pmpgm

218 1441 252 1529 (f)
262 1466 341 1528 opus
356 1444 415 1508 erit
430 1446 460 1508 vi
474 1447 585 1531 majori
600 1445 641 1509 ad
656 1447 807 1531 aequalem
820 1448 1100 1511 condensationem
1115 1449 1260 1533 majoris
1269 1443 1496 1533 quantitatitiri·

215 1555 257 1618 di.
301 1556 354 1618 An
376 1578 451 1620 vero
472 1557 569 1621 fluida
592 1558 716 1621 clastica
738 1580 778 1621 ex
799 1558 959 1642 particulis
974 1581 1008 1622 sc
1026 1571 1142 1623 mutuo
1156 1557 1358 1645 fugantibus
1377 1564 1493 1629 md.

215 1666 345 1751 quaestio
360 1666 488 1752 physica
504 1680 560 1731 est.
607 1668 674 1730 Nos
688 1669 911 1752 proprietatem
932 1668 1102 1733 fluidorum
1120 1690 1164 1732 ex
1181 1667 1352 1753 ejusmodi
1371 1664 1492 1751 pomi!

214 1775 422 1837 constantium
439 1774 960 1853 mathematicedemonstravimus,
984 1788 1019 1840 ut
1032 1774 1247 1860 philosophia
1262 1798 1375 1865 armam
1387 1774 1490 1861 pub

215 1909 284 1949 mus
300 1887 504 1971 quaestionem
520 1887 603 1949 illum
620 1887 782 1950 tractandi.

245 2083 277 2147 (¹)
290 2087 302 2114 ⁹
318 2085 380 2147 Orno
389 2087 431 2133 erit
442 2088 465 2134 oi
475 2086 565 2146 majori,
577 2085 620 2131 &a
656 2084 712 2130 Non
724 2083 786 2131 enim
803 2099 841 2131 so·
874 2099 927 2132 rum
939 2085 973 2131 via
984 2084 1029 2132 erit
1038 2083 1178 2144 rupet'andn
1189 2100 1250 2148 qne
1262 2086 1305 2133 lex
1319 2084 1398 2148 Hyp)
1406 2078 1483 2131 ’nst'-

158 2168 161 2173 ·
213 2147 263 2192 lum
275 2146 388 2195 vincenda
398 2151 441 2195 erit
452 2164 493 2210 per
503 2147 698 2208 compremloncm
712 2148 746 2194 rin
756 2148 841 2195 contri-
873 2159 926 2197 tum
936 2156 1085 2213 propugnare.

211 2210 271 2274 ug·
281 2211 446 2272 particularum
464 2213 630 2274 proximarum,
647 2209 687 2259 sed
700 2221 723 2260 et
733 2211 841 2261 remotio·
