3098 5534
10 423 32 489 Ι
51 428 182 497 ’10010
194 429 361 507 Securo]
394 423 636 492 PRINCIPIA
659 424 1030 494 MATHEMATICA.
1295 434 1357 493 295

10 600 31 659 i
67 601 192 688 gnbitur
202 623 260 686 per
273 601 374 666 solurn
388 604 493 666 n'e'rem
507 621 625 677 verum,
641 598 736 685 idque
750 598 784 660 in
794 595 1010 681 subduplicant
1021 598 1142 661 ratione
1153 596 1281 669 minoris
1291 619 1357 661 ma-

10 725 29 767 0
67 709 166 775 teriae.
213 708 261 776 Ut
282 708 308 770 si
329 706 539 791 atmosphaers
552 717 673 770 constet
693 727 735 769 ex
755 705 864 769 decem
885 705 1025 790 partibus
1048 704 1129 768 aeris
1155 705 1220 769 veri
1241 717 1273 768 et
1294 704 1356 769 und

10 834 26 875 r
68 827 159 900 parte
183 836 344 899 vaporum,
371 828 474 878 motus
495 834 643 877 sonorum
667 811 797 877 celerior
811 813 870 875 erit
884 811 916 872 in
932 810 1148 895 subduplicati
1172 812 1291 875 ratione
1316 820 1351 874 ll

10 940 23 983 r
66 922 109 987 ad
125 931 176 1000 10,
192 921 242 985 rel
256 922 289 983 in
303 918 425 1007 integri
440 919 562 984 circiter
577 919 697 982 ratione
712 924 750 981 21
769 916 811 981 sd
820 924 878 996 ,10,
902 939 995 1002 quam
1009 918 1036 981 si
1049 930 1276 1005 propagaretur
1297 939 1355 1001 per

10 1034 17 1090 1
66 1031 214 1097 undecim
245 1044 351 1116 partes
380 1031 460 1094 siiris
488 1029 571 1095 reri:
603 1028 736 1113 idedque
765 1040 867 1091 motus
897 1040 1045 1090 sonorum
1073 1048 1169 1110 supra
1200 1027 1352 1104 inventus,

10 1161 14 1201 t
66 1137 229 1226 ongendus
245 1137 304 1202 erit
318 1137 352 1199 in
367 1135 428 1201 bric
448 1135 579 1201 ratione.
623 1135 698 1212 Quo
719 1145 812 1219 pacto
837 1155 942 1211 sonus,
967 1148 1106 1219 tempore
1127 1135 1240 1199 minuti
1260 1136 1353 1200 unius

10 1271 13 1295 ¹
64 1247 206 1325 secundi,
222 1246 366 1311 conficiet
380 1246 478 1330 pedes
495 1252 588 1309 1142.

113 1354 197 1419 Hoec
221 1355 265 1417 ite
278 1375 312 1417 se
326 1352 443 1416 habere
464 1351 581 1416 debent
602 1364 742 1436 tempore
767 1372 864 1416 verno
886 1363 918 1415 et
939 1353 1119 1431 autumnali,
1142 1354 1197 1418 ubi
1220 1357 1275 1419 air
1295 1376 1353 1439 per

64 1460 202 1525 colorem
215 1471 423 1543 temperatum
437 1458 574 1536 rarescit,
590 1470 622 1523 et
636 1459 702 1544 ejus
717 1457 764 1521 vis
779 1457 904 1522 clastica
918 1458 1061 1552 nonnihil
1082 1459 1262 1525 intenditur.
1308 1465 1353 1527 At

61 1565 207 1653 hyberno
222 1580 373 1649 tempore,
396 1565 452 1628 nbi
466 1568 520 1628 alit
534 1585 592 1647 per
606 1563 704 1651 frigus
727 1563 944 1642 condensatur,
968 1578 999 1629 et
1013 1567 1079 1650 ejus
1094 1566 1140 1628 vis
1154 1566 1281 1654 clastica
1301 1589 1352 1632 re-

61 1673 207 1749 mittitur,
228 1684 332 1735 motus
347 1692 498 1734 sonorum
513 1669 631 1734 tardior
646 1693 713 1735 esse
727 1670 822 1735 debet
835 1671 869 1734 in
883 1669 1098 1755 subduplicatd
1113 1672 1233 1738 ratione
1247 1674 1351 1739 densi-

61 1780 134 1846 tatis
142 1803 152 1857 3
174 1791 208 1844 et
221 1779 356 1843 vicissim
370 1779 479 1842 aestivo
493 1791 635 1862 tempore
649 1778 744 1845 debet
758 1802 825 1844 esse
840 1778 985 1845 velocior.

110 1887 241 1957 Constat
257 1898 361 1949 autem
382 1905 440 1968 per
462 1885 675 1967 experimenta
696 1884 781 1971 quod
802 1886 871 1950 soni
892 1898 1033 1970 tempore
1056 1887 1169 1953 minuti
1189 1889 1281 1953 unius
1302 1912 1351 1955 se·

62 1992 159 2057 cundi
174 1992 279 2056 eundo
294 1990 463 2056 conficiunt
484 1989 581 2075 pedes
603 1990 821 2057 Londinenses
835 1992 906 2079 plus
920 1993 1023 2058 minus
1040 2002 1134 2072 1142,
1159 1995 1355 2077 Parisienses
1398 2063 1405 2068 ,

61 2121 139 2169 vero
159 2107 253 2171 1070.

108 2204 245 2294 cognita
274 2227 422 2269 sonorum
451 2206 614 2271 velocitate
643 2206 840 2274 innotescunt
869 2209 964 2273 etiam
994 2209 1155 2274 intervalla
1191 2209 1348 2295 pulsuum.

64 2315 105 2399 (l)
129 2314 254 2379 Invenit
279 2313 387 2397 utique
412 2313 456 2378 D.
482 2314 631 2391 Seuveur,
661 2312 748 2378 factis
772 2336 791 2377 a
816 2337 849 2378 se
875 2314 1103 2398 experimentis,
1134 2316 1218 2402 quod
1244 2316 1355 2381 fistula'

61 2432 181 2504 operta,
212 2420 300 2504 cuj'us
329 2418 493 2505 longitudo
518 2432 565 2483 est
587 2418 704 2503 pedum
728 2421 950 2485 Parisiensium
972 2422 1044 2506 plus
1067 2424 1169 2487 minus
1199 2425 1346 2511 quinque,

61 2548 174 2595 sonum
195 2525 260 2589 edit
281 2524 421 2610 ejusdem
442 2526 508 2588 toni
531 2547 603 2589 cum
624 2547 701 2589 sono
723 2526 849 2591 chordae
871 2541 1105 2614 quse-tempore
1124 2532 1235 2595 minuti
1256 2533 1348 2597 unius

60 2633 191 2700 secundi
214 2635 251 2717 (⁰)
267 2632 383 2699 centies
405 2633 545 2698 recurrit.
593 2634 675 2697 Sunt
694 2632 789 2719 igitur
809 2633 917 2717 pulsus
942 2635 1013 2717 plus
1039 2636 1140 2701 minus
1164 2649 1289 2701 centum
1313 2638 1357 2723 iu¹

61 2746 161 2831 spatio
182 2743 300 2830 pedum
322 2736 544 2807 Parisiensium
561 2752 655 2820 1070,
679 2765 757 2830 quos
777 2765 872 2808 sonus
894 2757 1034 2829 tempore
1055 2746 1167 2809 minuti
1190 2747 1281 2810 unius
1297 2768 1355 2811 se··

61 2854 158 2919 cundi
179 2850 351 2937 percurrit3
377 2850 511 2937 ideoque
531 2850 640 2933 pulsus
661 2871 741 2912 unus
763 2863 895 2934 occupat
909 2850 1043 2933 spatium
1057 2850 1174 2935 pedum
1190 2832 1346 2916 Parisien-

58 2962 138 3024 sium
155 2959 244 3045 quasi
261 2956 353 3036 Ιοή,
370 2958 473 3033 idest,
490 2955 619 3040 duplam
633 2954 756 3021 circiter
772 2955 999 3042 longitudinem
1014 2954 1136 3022 fistula.
1183 2957 1223 3040 (⁶)
1248 2957 1344 3023 Unde

58 3067 233 3135 verosimile
248 3067 395 3153 estquod
410 3065 589 3130 latitudines
604 3065 761 3149 pulsuum,
777 3065 809 3127 in
824 3067 963 3128 omnium
977 3078 1155 3150 apertarum
1169 3066 1340 3132 fistularum

59 3179 154 3255 sonis,
177 3191 341 3265 aequentur
355 3176 458 3262 duplis
471 3175 718 3263 longitudinibus
732 3173 916 3239 fistularum.

104 3286 208 3349 Porro
226 3307 283 3349 cur
303 3285 371 3348 soni
390 3296 531 3348 cessante
554 3296 643 3347 motu
667 3281 806 3365 corporis
829 3282 935 3346 sonori
959 3283 1062 3348 statim
1087 3295 1217 3361 cessant,
1243 3305 1344 3369 neque

57 3390 176 3455 diutius
202 3392 371 3455 audiuntur
392 3391 446 3455 ubi
471 3387 650 3477 longissime
673 3388 824 3453 distamus
845 3411 865 3452 a
886 3390 1068 3474 corporibus
1090 3391 1219 3468 sonoris,
1250 3389 1342 3476 quim

58 3495 133 3561 edm
146 3495 290 3581 proxime
311 3496 468 3572 absumus,
492 3507 578 3578 patet
592 3517 633 3558 ex
656 3493 831 3559 Corollario
854 3494 949 3578 Prop.
967 3494 1110 3559 XLVII.
1135 3494 1224 3558 Libri
1238 3495 1340 3581 hujus.

91 3711 125 3775 (⁸)
138 3715 151 3741 ⁸
165 3713 256 3759 Invenit
272 3712 352 3774 atique
368 3712 403 3760 D.
417 3712 520 3758 nam
535 3707 561 3755 10
581 3705 686 3756 Historid
717 3721 829 3755 nummus
851 3711 913 3755 1070
933 3718 975 3766 per
993 3708 1048 3759 240,
1069 3703 1146 3766 prodit
1166 3701 1248 3763 pulsus
1267 3702 1340 3751 unius

60 3775 135 3823 And·
150 3775 235 3822 scient·
251 3775 325 3822 Ρῑῐὶί·
338 3788 376 3820 ⁸³·
392 3779 462 3822 1⁷⁰0·
717 3782 817 3831 latitudo
833 3780 886 3845 ped.
907 3780 979 3829 Puris.
998 3769 1034 3848 ⁴}
1052 3781 1148 3836 circiter,
1167 3780 1191 3827 id
1206 3790 1247 3836 cot,
1266 3779 1338 3841 dupla

227 3881 233 3891 .
351 3881 356 3891 .
635 3877 641 3889 .
732 3847 738 3859 ’
765 3847 771 3859 ’
874 3845 880 3857 ’
950 3845 988 3892 fist
1005 3845 1042 3892 lar.
1070 3844 1236 3892 Estsutemin
1289 3845 1339 3892 anis

57 3875 686 4004 ..llhttt'fttttmtfflttffi
717 3844 965 3986 ifflffih
981 3861 1065 3970 im
1083 3923 1136 3983 <19⁰
1151 3917 1214 3986 rt!
1229 3858 1338 3968 tt...

57 4004 110 4051 nuti
122 4005 193 4052 unius
203 4006 299 4052 secundi
311 4005 414 4053 absolvit.
450 4005 520 4053 Idem
532 4007 565 4052 D.
580 4006 683 4053 Snuveur
715 3970 1339 4101 ffiffitflppgffimffiffiffirwssffl

714 4101 951 4164 turignriussoutt.

749 4167 806 4213 Huc
817 4179 890 4227 usque
901 4164 930 4210 de
938 4179 995 4211 torto
1005 4163 1093 4212 directo
1103 4163 1171 4225 plum
1180 4162 1291 4222 diximus,
1307 4161 1338 4210 de

714 4229 801 4279 reliam
810 4243 885 4291 pauca
894 4227 1043 4292 &jungenda
1052 4239 1115 4276 nint.

89 4296 148 4358 (θ’
167 4298 234 4346 Unde
244 4298 424 4354 remitmittere,
440 4297 482 4345 &c
515 4295 581 4344 Idem
598 4295 682 4344 condr-

58 4369 137 4406 mutur
155 4358 202 4407 alio
217 4361 375 4420 experimento
392 4361 495 4425 ejusdem
517 4361 550 4408 D.
570 4361 682 4417 stuvene.

55 4423 97 4484 001
109 4422 161 4471 loco
176 4438 231 4470 mor
248 4424 318 4471 citato
334 4425 422 4473 invenit
435 4425 497 4488 quod
509 4424 586 4472 fistula
597 4433 683 4485 aperta,
910 4420 1141 4471 Pltoroslrlo.

55 4487 125 4549 eujus
143 4487 268 4550 longitudo
284 4498 319 4534 est
340 4488 425 4548 pedum
447 4487 613 4537 Periclensium
631 4489 684 4548 plus

56 4552 136 4598 minus
156 4557 178 4606 2,
198 4566 284 4598 sonum
303 4550 350 4599 edit
366 4551 472 4615 ejusdem
487 4553 536 4598 toni
555 4567 609 4599 cum
626 4566 684 4599 sono
749 4557 805 4600 sm.
831 4551 908 4598 Sonus
926 4549 1050 4612 percipitur
1067 4559 1179 4611 tunquam
1198 4562 1225 4595 er
1242 4562 1272 4596 ao
1287 4546 1340 4595 loon

53 4614 147 4661 chordas
157 4631 211 4677 qun
227 4620 275 4662 24³
291 4615 447 4664 oseilbtiooes
463 4616 565 4729 integat
579 4626 682 4676 tempore
714 4616 842 4677 procedens
851 4630 880 4662 ex
891 4629 939 4676 quo
948 4615 1015 4677 quasi
1030 4623 1110 4660 centro
1126 4614 1208 4674 pulsnt
1217 4613 1276 4660 sitris
1285 4626 1339 4672 pro·

54 4677 140 4727 mimtti
151 4680 223 4728 unius
232 4678 329 4728 muudi
338 4678 434 4742 perficit.
462 4680 501 4728 Un
539 4678 683 4729 siditidatur
714 4690 836 4744 pugnatur.
873 4676 1127 4738 Coruuterperieutii.

673 4761 696 4798 'l'
707 4768 723 4798 A
