3098 5534
93 382 100 401 x
132 336 194 417 15'2
428 347 776 425 rmosorffltss
798 349 1072 425 Nnrnums
1125 349 1269 434 [Μαι.
1286 349 1438 421 Coma.

129 516 585 589 Dinmediononresistante
606 519 829 585 retardaturin
852 520 882 584 E
902 518 1099 598 estutCR
1122 518 1437 607 etvisqubcaepu

129 623 493 695 dinmedioresistente
513 626 833 695 retardeturineest
852 639 888 693 ut
908 648 1031 693 summa
1050 626 1436 693 visceetresimfi·

130 730 159 797 C
174 731 216 809 0,
232 732 265 799 id
280 745 377 798 estut
392 733 424 799 Ο
439 756 474 811 e;
496 732 630 821 ideaque
652 733 743 813 vires,
769 733 881 821 quibus
901 755 1033 818 corpora
1054 733 1279 812 retardantur,
1309 748 1387 805 suut
1406 749 1436 801 rt

127 841 262 907 arcubus
278 842 307 907 C
322 842 362 920 E,
380 841 705 928 Oeproportionales
718 863 810 909 arcus
826 842 854 909 C
871 842 910 920 B,
933 841 966 909 0
984 841 1031 919 Bt
1054 840 1265 927 proindeque
1289 841 1435 907 velocita-

127 958 184 1026 tes,
211 949 242 1012 in
265 947 337 1014 datt
360 948 413 1013 ille
434 949 555 1015 ratione
574 948 751 1029 retardatae,
776 965 906 1015 manent
926 947 959 1012 in
976 945 1088 1013 eidem
1111 946 1168 1011 illa
1193 946 1280 1013 data
1304 949 1433 1015 ratim

128 1054 316 1120 Velocitates
329 1056 424 1143 igitur
438 1068 471 1121 et
484 1078 574 1121 arcus
587 1055 698 1123 iisdem
712 1055 860 1141 descripti
874 1077 997 1141 semper
1011 1053 1139 1121 suntad
1153 1054 1304 1121 invicem
1317 1054 1355 1121 in
1365 1054 1433 1121 dat

127 1154 180 1227 illt
203 1163 323 1229 ratione
345 1186 475 1231 arcum
501 1164 530 1231 C
546 1164 575 1230 B
589 1176 622 1231 et
635 1164 668 1232 0
685 1163 731 1243 B3
754 1164 794 1250 (⁸)
810 1175 843 1229 et
855 1176 1022 1250 propterea
1035 1161 1063 1227 si
1076 1174 1252 1227 wmaanrr
1267 1184 1367 1229 arcus
1379 1166 1432 1233 tuti

128 1270 477 1349 AB,aBiuedderu
499 1276 632 1356 radone,
655 1297 788 1361 corpora
808 1275 854 1354 D,
880 1274 903 1341 d
925 1273 1016 1343 timui
1036 1273 1219 1345 describent
1243 1273 1312 1345 hut
1332 1297 1431 1355 που,

121 2855 154 2910 et
181 2844 215 2908 in
243 2843 320 2910 locis
349 2845 381 2907 A
406 2854 439 2909 et
462 2865 483 2906 a
506 2854 629 2907 motum
658 2862 785 2908 omnem
814 2838 907 2906 simul
936 2838 1087 2905 amittent
1133 2840 1329 2913 Isocbronae
1360 2863 1434 2917 sunt

120 2954 217 3042 igitur
242 2953 449 3020 oscillationes
471 2964 556 3032 totae,
580 2964 612 3017 et
632 2951 766 3017 arcubus
787 2949 860 3015 totis
882 2947 969 3026 BA,
994 2948 1336 3034 Baproportionales
1360 2972 1433 3023 sunt

121 3084 250 3126 arcuum
273 3074 378 3147 partes
399 3060 547 3148 quaelibet
563 3060 592 3123 B
607 3060 651 3138 D,
670 3059 698 3127 B
713 3058 736 3123 d
750 3056 799 3124 vel
816 3056 844 3124 B
861 3056 900 3133 E,
918 3055 948 3120 B
962 3078 980 3119 e
994 3077 1066 3143 quoe
1080 3056 1173 3121 simul
1187 3058 1431 3131 describuntur.

123 3171 165 3249 Q.
181 3197 208 3237 e.
224 3173 255 3237 d.

168 3283 267 3346 Corol.
314 3281 415 3370 Igitur
436 3292 539 3344 motus
565 3275 776 3341 velocissimus
798 3275 831 3338 in
853 3273 959 3337 medio
981 3273 1143 3337 resistente
1167 3297 1234 3339 non
1257 3279 1379 3348 incidit
1399 3284 1431 3347 in

120 3405 273 3476 punctum
295 3389 438 3453 infimum
463 3387 503 3464 C,
531 3387 572 3471 (¹)
588 3383 643 3449 aed
658 3383 814 3468 reperitur
828 3382 861 3444 in
875 3392 994 3465 puncto
1009 3380 1064 3443 illo
1078 3380 1120 3458 0,
1144 3404 1207 3466 quo
1222 3406 1320 3451 arcus
1345 3403 1430 3454 totus

122 3501 296 3587 descriptus
322 3525 342 3564 a
364 3500 393 3565 B
418 3499 585 3562 bisecatur.
631 3495 675 3559 Et
700 3515 816 3579 corpus
841 3489 974 3557 subinde
997 3489 1159 3576 pergendo
1182 3491 1223 3553 ad
1248 3517 1278 3572 a,
1314 3497 1429 3565 iisdem

122 3607 273 3697 gradibus
297 3605 474 3672 retardatur
503 3602 616 3693 quibus
646 3617 738 3667 antea
766 3598 998 3665 accelerabatur
1026 3597 1059 3658 in
1082 3595 1235 3663 descensu
1260 3624 1324 3667 suo
1352 3630 1374 3671 a
1399 3609 1429 3677 B

123 3721 164 3786 ad
182 3722 223 3787 0.

157 3961 191 4024 (⁸)
206 3964 218 3991 ⁹
232 3962 265 4009 Et
280 3968 405 4023 pwptmc.
440 3958 465 4008 Si
484 3966 590 4006 mutatur
606 3969 673 4004 arcus
690 3955 713 4002 A
733 3953 754 4001 C
819 3951 855 4014 (¹)
869 3955 882 3982 ’
895 3951 1287 4026 Qfflflfiwfflffflflv
1304 3973 1365 4016 m,
1383 3959 1426 4009 a

124 4024 220 4088 equalis
233 4024 253 4072 C
264 4024 294 4082 B,
305 4024 426 4073 etdeinde
437 4023 559 4071 munau
570 4020 718 4068 adarcumA
732 4018 753 4066 B
788 4016 851 4064 Natu
862 4024 921 4062 ntro
932 4013 1428 4071 veiocrutumrnmedrnreustanteeam

123 4087 324 4141 indatiratione
341 4088 526 4145 OBadCB;
545 4100 642 4146 corpora
663 4082 755 4131 Detd
786 4080 906 4128 minente
922 4087 956 4126 est
973 4077 1159 4137 temperandam
1174 4078 1199 4124 in
1215 4082 1313 4139 punctis
1334 4101 1427 4136 m..

123 4153 194 4200 ιίιιιιιΙ
212 4152 342 4200 describent
358 4155 401 4201 bos
419 4168 493 4208 arcus,
512 4161 536 4198 et
553 4149 578 4196 in
596 4148 652 4196 locis
665 4149 686 4194 A
699 4156 723 4194 et
738 4161 753 4193 c
784 4142 940 4206 pendentibus
951 4151 978 4187 ut
988 4140 1038 4186 ind
1051 4151 1074 4187 et
1088 4141 1121 4197 D,
1139 4142 1163 4188 in
1177 4143 1200 4189 0
1212 4154 1235 4189 et
1248 4145 1278 4200 C,
1297 4146 1322 4191 in
1334 4165 1349 4194 a
1358 4164 1384 4198 et
1393 4153 1428 4209 εἰ

123 4228 215 4264 motum
231 4233 325 4264 omnem
343 4218 414 4264 simul
431 4217 545 4263 amittent.
576 4213 639 4260 Nam
656 4226 711 4258 curn
722 4210 752 4256 sit
784 4207 933 4267 sedeurporis
949 4205 973 4280 in
990 4205 1068 4279 medie
1087 4220 1134 4251 non
1155 4206 1273 4280 resistente
1293 4213 1430 4288 meinana,

123 4275 655 4404 nuntiatarum
663 4275 753 4386 tat
784 4269 1429 4400 &amarer

123 4411 188 4456 arcui
201 4411 221 4458 C
236 4412 266 4466 Α,
283 4409 323 4456 fret
334 4425 428 4472 quoque
438 4423 505 4456 arcus
517 4406 542 4455 0
552 4421 567 4453 e
577 4404 673 4466 :qualis
688 4402 752 4450 acui
783 4401 925 4448 ωιειιωιι
935 4398 960 4442 in
971 4396 1099 4471 decessum
1119 4413 1191 4472 quare
1205 4409 1287 4446 motus
1304 4404 1431 4456 velocia·-

124 4470 148 4516 0
157 4489 187 4531 ⁸3
205 4484 229 4521 et
239 4473 294 4536 quia
304 4486 383 4522 motus
393 4475 418 4521 in
429 4472 507 4519 medio
518 4486 566 4518 non
577 4470 696 4516 resistente
712 4482 752 4514 er·
784 4480 838 4512 ιιιιιι
848 4465 874 4510 in
883 4460 962 4536 medie
972 4471 1091 4508 resisteme
1102 4472 1214 4536 reperatur
1222 4464 1246 4510 in
1258 4465 1293 4520 0,
1305 4479 1330 4515 et
1339 4471 1430 4520 imm

122 4538 240 4601 tinguitur
250 4539 274 4584 in
290 4540 320 4594 A,
337 4541 369 4585 ob
387 4539 407 4585 C
421 4538 443 4585 A
455 4556 491 4582 =
504 4537 525 4585 C
538 4537 575 4594 B;
593 4534 617 4579 in
628 4531 707 4579 medio
718 4546 753 4578 re·
786 4527 871 4576 deinde
889 4525 999 4589 gradibus
1018 4525 1145 4599 reurdatur
1163 4541 1188 4572 ra
1203 4542 1314 4590 mensu,
1335 4536 1431 4599 qun„

122 4602 217 4650 dante
227 4603 378 4664 extinguetur
388 4617 482 4664 quoque
497 4602 522 4647 in
538 4616 559 4655 a,
577 4613 606 4647 ee
616 4594 680 4660 quod
690 4595 753 4643 vele-
786 4602 840 4642 aute
851 4590 1020 4640 accelerabunt
1031 4604 1055 4636 ιιι
1067 4588 1186 4637 descensu.

122 4666 453 4724 minuamus,
471 4659 750 4713 ceintiudetdreticm·
