3098 5534
128 408 171 468 96
450 399 791 468 PHILOSOPHIAE
814 401 1085 470 NATURALIS
1135 404 1256 486 [Mor.
1268 404 1434 473 Cotron-

376 698 657 766 PROPOSITlO
679 700 761 765 Xll.
806 700 1077 777 THEOREMA
1100 703 1163 770 IX.

123 873 233 943 Iisdem
241 873 362 955 positis,
377 874 445 936 dico
459 870 539 957 qodd
549 875 578 937 si
591 876 694 957 spatia
708 875 857 957 descripta
871 884 1027 939 asmantiae
1040 877 1074 938 in
1082 880 1307 960 progressione
1320 882 1425 944 orith-

166 983 281 1060 arctiori,
306 985 474 1049 velocitates
495 982 570 1048 dotti
592 983 721 1068 quidam
742 986 913 1069 pitantitate
926 994 1022 1049 aucte
1038 996 1126 1049 aaut
1147 987 1180 1048 ia
1196 991 1425 1072 progressione

164 1090 356 1177 geometrici.

167 1260 207 1324 In
230 1271 405 1346 asymptoto
429 1260 506 1326 CD
528 1260 619 1326 detm
639 1274 791 1348 punctum
815 1263 855 1342 R,
880 1276 912 1330 et
931 1275 1036 1329 erecto
1059 1266 1290 1350 perpendiculo
1318 1268 1352 1333 R
1375 1271 1419 1345 ὃς

123 1367 207 1454 quod
223 1382 366 1433 occurrat
379 1367 558 1455 hyperbolae
572 1369 605 1433 in
622 1371 655 1447 S,
678 1385 855 1455 exponatur
870 1372 1059 1457 descriptum
1075 1373 1208 1456 spatium
1224 1395 1285 1458 per
1309 1398 1417 1439 aream

123 1475 357 1562 hyperbolicam
380 1476 411 1539 R
427 1476 451 1540 S
465 1475 495 1539 E
510 1476 563 1552 D;
590 1487 622 1540 et
642 1474 788 1542 velocitas
811 1479 871 1542 erit
891 1491 926 1542 ut
947 1479 1109 1566 longitudo
1132 1477 1165 1542 G
1179 1479 1225 1556 D,
1250 1502 1329 1565 quae
1343 1504 1416 1546 cnm

122 1580 195 1645 datia
220 1578 297 1645 CG
317 1581 476 1665 componit
496 1580 723 1668 longitudinem
746 1582 773 1646 C
790 1582 823 1650 D
845 1584 876 1646 in
901 1585 1119 1671 progressione
1138 1587 1337 1672 geometricis
1360 1588 1415 1652 de-

122 1698 322 1765 crescentem,
337 1687 456 1752 interea
470 1686 546 1751 dum
561 1689 694 1773 spatium
711 1688 742 1754 R
758 1690 782 1756 S
798 1690 828 1754 E
843 1690 876 1755 D
891 1704 1022 1779 augetur
1032 1691 1065 1755 in
1079 1690 1287 1756 arithmetici.

165 1795 206 1881 (¹¹)
229 1796 355 1862 Etenim
377 1797 419 1862 ob
437 1797 546 1862 datum
565 1798 657 1882 spatii

123 1903 347 1969 incrementum
363 1904 393 1969 E
407 1903 441 1969 D
455 1903 478 1968 d
493 1927 521 1982 e,
543 1904 657 1968 lineola

122 2011 157 2076 D
172 2012 204 2090 d,
220 2034 292 2098 quoe
305 2010 536 2077 decrementum
551 2025 597 2076 est
612 2013 659 2096 ip-

122 2118 185 2182 sius
195 2119 282 2197 GD,
292 2119 351 2183 erit
361 2119 519 2205 reciproci
530 2131 565 2183 ut
576 2119 654 2196 ΕΙ),

121 2225 256 2312 ideoque
280 2226 397 2291 directe
423 2241 459 2291 ut
482 2227 510 2291 C
525 2228 568 2304 D,
595 2226 657 2289 hoc

121 2343 178 2412 est,
203 2348 238 2399 ut
261 2357 381 2399 summa
404 2333 542 2419 ejusdem
569 2333 602 2397 G
625 2332 658 2396 D

122 2454 154 2505 et
168 2440 373 2529 longitudinis
388 2442 470 2506 datae
486 2441 514 2505 C
530 2440 571 2505 G.
596 2438 659 2505 Sed

120 2548 296 2614 velocitatis
318 2548 561 2624 decrementum,
583 2559 662 2610 tem-

119 2677 197 2740 pore
219 2656 277 2721 sibi
303 2655 462 2742 reciproce
481 2655 659 2740 proportio·
726 2639 748 2692 c
867 2646 893 2699 G
936 2652 970 2704 Λ

119 2764 193 2842 nali,
217 2786 280 2850 quo
300 2764 374 2829 dats
391 2765 481 2849 spatii
503 2763 655 2849 particula

120 2871 155 2936 D
170 2873 192 2936 d
207 2896 225 2937 e
241 2873 270 2937 E
284 2873 479 2950 describitur,
495 2872 530 2956 (¹)
545 2885 592 2936 est
608 2881 643 2936 ιιι
657 2869 828 2935 resistentie
843 2883 874 2935 et
888 2883 1010 2957 tempus
1025 2871 1224 2959 conjunctim,
1249 2872 1284 2936 id
1298 2885 1350 2937 est
1364 2872 1411 2936 di·

119 2978 203 3043 recte
217 2992 252 3042 ut
267 3000 387 3043 summa
401 2979 533 3042 duarum
548 2977 763 3064 quantitatum,
790 2999 921 3063 quarum
936 2999 999 3041 una
1013 2991 1060 3042 est
1074 2992 1109 3043 ut
1123 2978 1281 3057 velocitas,
1308 2980 1410 3044 altera

120 3095 155 3148 ιιι
168 3083 338 3148 velocitatis
349 3083 543 3169 quadratum,
560 3095 592 3146 et
607 3080 726 3145 inverse
742 3094 777 3145 ut
790 3081 955 3157 velocitas3
970 3081 1103 3168 ideoque
1114 3081 1229 3147 directi.
1239 3094 1276 3147 ut
1285 3106 1409 3147 summa

118 3189 251 3254 duarum
273 3189 488 3275 quantitatum,
512 3209 641 3273 quarum
658 3207 720 3250 nna
734 3185 836 3263 datur,
859 3187 956 3251 ultera
970 3201 1016 3252 est
1031 3201 1065 3252 ut
1081 3188 1234 3251 velocitas.
1283 3189 1406 3252 Decre-

119 3311 259 3362 mentum
272 3297 367 3384 igitur
382 3311 444 3361 tam
459 3295 628 3361 velocitatis
643 3317 738 3382 quam
752 3295 843 3359 lineae
867 3296 900 3359 G
915 3297 959 3373 D,
985 3311 1032 3362 est
1054 3310 1088 3364 ut
1109 3298 1264 3383 quantitas
1279 3299 1357 3362 data
1378 3312 1408 3362 et

118 3403 273 3489 quantitas
288 3403 470 3469 decrescens
485 3404 685 3488 conjunctim,
708 3414 741 3466 et
754 3414 883 3487 propter
897 3404 1028 3491 analoga
1043 3405 1249 3484 decrementa,
1275 3405 1314 3491 (¹)
1332 3430 1407 3470 ana·

118 3513 199 3600 logae
214 3536 336 3599 semper
351 3526 442 3577 erunt
464 3513 651 3599 quantitates
673 3511 905 3587 decrescentes3
932 3514 1078 3576 nimirum
1100 3514 1246 3578 velocitas
1269 3529 1302 3578 et
1323 3514 1407 3580 lines

119 3622 151 3686 G
166 3622 211 3687 D.
256 3622 298 3699 Q.
315 3647 343 3688 e.
359 3623 391 3687 d.

163 3731 261 3794 Corol.
280 3739 309 3794 1.
340 3731 374 3796 Si
389 3729 533 3794 velocitas
549 3741 722 3813 exponatur
743 3747 801 3812 per
822 3726 1048 3813 longitudinem
1073 3726 1105 3789 G
1120 3726 1165 3804 D,
1192 3730 1328 3812 spatium
1349 3731 1406 3794 de·

117 3835 267 3918 scriptum
281 3836 340 3899 erit
354 3848 388 3899 ut
403 3857 475 3898 area
490 3834 689 3920 hyperbolica
706 3833 739 3897 D
756 3832 785 3895 Ε
802 3833 825 3896 S
842 3832 882 3895 R.

164 3943 262 4008 Corol.
278 3951 309 4007 2.
334 3943 377 4007 Ει
393 3945 418 4006 si
433 3956 590 4028 utcunque
604 3955 778 4006 assumatur
793 3954 943 4026 punctum
961 3941 1000 4017 R,
1017 3941 1191 4005 invenietur
1205 3955 1361 4025 punctum
1373 3945 1404 4009 G

117 4049 268 4131 capiendo
284 4049 316 4114 G
334 4050 364 4113 R
379 4049 419 4112 ud
435 4049 467 4113 G
482 4049 526 4125 D,
543 4062 577 4113 ut
592 4060 639 4111 est
653 4047 798 4111 velocitas
814 4047 872 4111 sub
888 4046 975 4109 initio
990 4045 1233 4152 adpelocitatem
1245 4062 1319 4131 post
1333 4072 1403 4134 spa·

150 4237 186 4301 (²)
207 4243 217 4266 ⁶
237 4241 330 4287 Etenim
347 4240 373 4285 ob
387 4242 469 4286 ἀαιιιιιι
486 4239 552 4298 motii
566 4239 743 4293 incrementum,
776 4233 881 4297 rdeique
897 4233 951 4280 dato
966 4234 1033 4293 spaui
1043 4235 1184 4282 incremento
1199 4245 1227 4282 ut
1243 4235 1353 4283 relocitu
1371 4237 1405 4283 in-

116 4316 158 4363 per
169 4303 313 4362 hypothesim
324 4302 370 4363 qui
382 4300 662 4362 spatiesupponunturin
673 4300 744 4346 erith-
777 4298 847 4345 versi.
884 4297 1025 4352 Quarddrto
1035 4300 1101 4357 spatii
1114 4301 1262 4354 incremento,
1276 4300 1406 4347 velocitatis

117 4364 201 4412 marici
213 4366 370 4427 progressione
381 4380 489 4412 crescere.
776 4361 950 4408 decrementum
961 4373 995 4406 ret
1006 4373 1033 4407 ιιι
1044 4363 1171 4408 resistentia
1186 4362 1273 4409 directi
1283 4374 1308 4410 et
1319 4365 1405 4412 veloci·

150 4429 181 4491 (¹)
194 4434 207 4457 ⁹
221 4433 264 4476 list
281 4439 307 4477 ut
324 4433 448 4476 resistentia
461 4438 481 4476 et
493 4437 580 4488 tenipus
592 4427 741 4487 conjunctim.
776 4435 812 4471 trs
830 4423 925 4479 urrant,
945 4425 1027 4481 idest,
1047 4425 1132 4472 directi
1149 4436 1176 4471 ut
1194 4442 1287 4473 summa
1302 4429 1405 4474 duanam

118 4490 254 4539 Velocitatis
275 4493 448 4539 decrementum
470 4503 505 4538 est
525 4502 553 4536 ut
572 4489 700 4537 resistentis
721 4498 745 4535 ct
775 4489 938 4550 quantitatum,
950 4489 992 4534 dre.

117 4565 210 4616 tempus
220 4557 362 4618 conjunctim
375 4556 438 4617 (15),
455 4566 547 4615 tempus
558 4552 612 4599 veri>
624 4565 658 4599 est
668 4562 697 4598 ιιι
707 4552 744 4597 in·
808 4550 844 4612 (ι)
858 4556 869 4579 ·
885 4554 994 4611 Anrrtngrr
1005 4563 1176 4614 temperasset,
1193 4554 1236 4600 &c-
1272 4553 1334 4616 (Per
1347 4555 1402 4604 Cor.

117 4632 261 4667 crementum
279 4621 345 4680 spatii
364 4620 450 4667 directe
471 4631 494 4665 et
515 4617 623 4664 velocitas
644 4614 742 4672 inversi,
776 4613 844 4660 lam.
861 4613 907 4661 lV.
923 4614 975 4662 Lib.
992 4615 1034 4676 l.).
