3098 5534
132 379 195 438 818
427 370 770 440 PHILOSOPHIAE
794 371 1072 439 NATURALIS
1143 373 1258 450 [Mor.
1277 378 1428 442 Corsos.

129 559 184 611 tur
198 545 394 611 uniformiter
408 547 442 610 in
457 547 621 625 directum,
637 569 695 611 nec
718 568 783 610 non
805 568 973 632 corporum
997 559 1101 610 motus
1125 548 1259 612 initiales
1283 564 1427 633 respectu

128 651 222 739 hujus
238 655 338 738 spatii
378 654 488 720 Motus
503 667 607 719 autem
621 654 846 739 subsequentes
863 661 933 738 (per
941 654 1048 740 legum
1058 654 1258 717 corollarium
1270 657 1426 741 quintum,

128 771 161 822 et
175 759 336 824 theorema
349 760 564 840 novissimum)
579 760 711 845 perinde
727 761 808 824 fiunt
821 759 855 823 in
869 758 931 823 hoc
946 760 1057 843 spatio,
1075 781 1111 822 ac
1127 760 1153 823 si
1168 761 1305 844 spatium
1322 762 1426 846 ipsum

128 866 193 931 unzi
207 890 280 932 cum
294 870 453 932 communi
467 868 522 933 illo
536 870 696 957 gravitatis
711 882 820 933 centro
835 869 1018 955 quiesceret,
1042 882 1074 932 et
1095 891 1227 954 corpora
1242 892 1307 934 non
1323 871 1427 936 trahe·

127 988 199 1039 rent
213 997 248 1038 se
261 989 382 1054 mutuo,
399 974 455 1040 sed
469 999 489 1039 a
503 997 634 1060 corpore
650 977 742 1041 tertio
757 977 818 1040 sito
832 976 989 1055 incentro
1011 975 1066 1039 illo
1088 975 1297 1042 traherentur.
1345 978 1425 1041 Cor-

125 1084 212 1167 poris
227 1084 323 1171 igitur
337 1083 514 1148 alterutrius
529 1085 562 1148 in
577 1083 639 1147 hoc
653 1084 755 1169 spatio
769 1082 888 1162 mobili,
904 1083 1029 1148 deloco
1044 1083 1119 1146 dato
1133 1084 1307 1148 secundum
1320 1085 1424 1150 datam

126 1202 256 1268 rectam,
272 1190 344 1254 dati
360 1213 432 1263 cum
446 1190 609 1255 velocitate
623 1190 777 1269 exeuntis,
802 1204 834 1255 et
858 1191 888 1253 vi
911 1190 1083 1274 centripeti
1109 1189 1150 1253 ad
1176 1202 1318 1255 centrum
1346 1193 1423 1256 illud

123 1296 273 1362 tondente
288 1299 433 1382 correpti,
457 1295 496 1383 (¹)
519 1297 774 1391 determinandus
789 1311 836 1362 est
858 1310 961 1362 motus
983 1320 1041 1382 per
1063 1298 1226 1382 problema
1248 1322 1371 1363 nonum
1394 1314 1424 1365 et

122 1403 305 1471 vicesimum
320 1417 460 1468 sextum:
484 1415 517 1468 et
539 1403 572 1489 (¹)
598 1403 764 1469 habebitur
779 1404 872 1468 simul
887 1419 991 1467 motus
1007 1405 1147 1488 corporis
1161 1404 1289 1469 alterius
1304 1407 1422 1470 circum

123 1513 209 1578 idern
225 1526 378 1577 centrum.
402 1513 451 1598 (¹¹¹)
476 1513 557 1578 Cum
574 1513 634 1577 hoc
648 1527 736 1577 motu
750 1511 986 1597 componendus
1002 1524 1049 1577 cst
1067 1511 1229 1576 mriiomris
1251 1513 1304 1577 ille
1327 1529 1423 1599 syste-

123 1620 216 1684 matis
246 1619 337 1704 spatii
366 1632 399 1684 et
427 1641 595 1703 corporum
625 1620 657 1684 in
685 1642 724 1684 eo
748 1619 926 1706 gyrentium
954 1631 1057 1681 motus
1086 1619 1302 1704 progressivus
1327 1642 1422 1704 supra

123 1728 277 1804 inventus,
305 1738 337 1790 et
359 1724 526 1791 habebitur
550 1739 653 1791 motus
678 1726 839 1791 absolutus
865 1745 1036 1810 corporum
1064 1723 1098 1787 in
1127 1725 1229 1808 spatio
1253 1725 1419 1793 immobili.

125 1831 168 1908 Q.
184 1855 212 1897 e.
228 1831 248 1896 i.

136 2068 191 2138 '(1)
210 2075 223 2103 ⁹
240 2073 439 2123 Dmisandm
449 2084 480 2123 est
493 2083 568 2124 motus
579 2091 624 2139 po·
635 2076 712 2125 Prot.
727 2080 750 2124 9.
784 2062 829 2121 erit
838 2069 969 2135 trejectoris
986 2082 1057 2133 qtssm
1076 2081 1162 2131 eorpus
1185 2066 1207 2115 P
1222 2075 1290 2114 motu
1311 2065 1419 2114 ubsolam

120 2135 141 2184 si
163 2150 259 2197 carpam
279 2137 431 2199 projicimur
451 2138 582 2187 secundem
600 2139 753 2187 directionem
784 2137 908 2194 describit5
928 2139 967 2194 (ut
982 2145 1046 2195 patet
1064 2148 1093 2181 ex
1116 2135 1185 2193 Pmp.
1200 2137 1237 2179 at.
1252 2132 1417 2205 etheit-sot)-

138 2216 175 2246 use
186 2215 241 2248 cum
252 2217 333 2249 eorum
345 2199 455 2250 distmtii
472 2218 521 2251 non
537 2203 660 2258 coincidet,
677 2212 701 2250 et
712 2218 754 2264 per
787 2201 844 2249 Hic
856 2201 920 2248 enim
930 2199 1021 2246 ratione
1031 2208 1137 2244 centmm
1152 2200 1171 2243 C
1183 2205 1302 2256 percurret
1318 2206 1419 2254 spatium

188 2265 258 2313 ΜΘ.
277 2265 755 2332 simineidstdtmsioprojeetimismm
789 2267 809 2313 C
824 2266 893 2313 R=
907 2264 929 2312 G
943 2263 1018 2310 H:
1034 2258 1224 2321 semiperipheris
1240 2269 1298 2305 τοία
1317 2259 1341 2306 G
1356 2260 1378 2305 t:
1392 2258 1418 2314 F.

120 2327 232 2377 distensis
242 2344 373 2391 corporum.
786 2328 869 2376 eodem
881 2337 985 2388 tempore
1003 2341 1051 2389 quo
1070 2335 1184 2386 punctum
1198 2323 1364 2371 revolvetur
1380 2338 1420 2382 per

153 2392 185 2456 (¹)
203 2397 216 2422 “
235 2396 269 2442 Et
279 2396 399 2443 suctim
408 2392 477 2443 εἶπεν(
487 2405 564 2444 motus
583 2397 681 2457 torporis
698 2397 755 2443 olte-
787 2402 859 2440 totum
872 2390 1082 2452 ffllwflph‘fi'm
1092 2388 1118 2463 ,Ρ
1131 2389 1153 2435 Α
1169 2388 1207 2444 Bi
1224 2388 1315 2447 ‘'filiu‘'
1324 2386 1419 2460 Pmlvdl

119 2459 196 2505 risse
206 2458 309 2520 ηςίοιιε,
320 2457 341 2505 ιί
351 2472 380 2506 ss
392 2472 488 2519 corpore
498 2459 757 2523 cujmlocusinventus
787 2456 897 2504 velocitas
907 2457 980 2502 centri
995 2456 1066 2516 Cper
1082 2452 1168 2526 lmesm
1190 2452 1210 2498 C
1224 2451 1248 2499 li
1262 2450 1293 2498 nd
1301 2450 1419 2526 χοίρους

120 2531 161 2574 est
179 2537 221 2581 per
239 2531 345 2569 ceruum
408 2522 483 2569 vitetis
500 2538 626 2570 umrmune
644 2522 755 2579 duorum,
787 2516 1088 2581 tempunctireloorpotis
1108 2515 1130 2563 P
1149 2530 1173 2561 ¹¹¹
1192 2515 1322 2576 i¹0f¹l¹l¹⁰¹¹¹
1339 2514 1419 2561 (ΠΜ

119 2594 204 2646 agatur
215 2595 277 2633 rects
286 2585 360 2649 quoi
403 2585 571 2636 dneminetur
589 2598 617 2634 ut
631 2587 660 2634 sit
671 2601 756 2647 corpus
790 2584 813 2633 P
825 2587 848 2632 A
862 2585 884 2631 B
895 2592 923 2629 ut
933 2581 1043 2655 semirotp
1053 2579 1083 2628 nd
1092 2578 1274 2653 semicirculum,
1286 2579 1331 2625 boc
1341 2590 1384 2653 est,
1394 2589 1420 2626 ut

120 2648 756 2776 ,ttbtmwdtrtt'
786 2641 1420 2772 fflifflibhltflmst

119 2787 215 2833 mmm,
228 2778 252 2824 in
264 2787 369 2825 emmo
379 2777 451 2839 huju.
461 2789 531 2827 m
542 2779 587 2826 qis
597 2778 663 2826 locu,
673 2792 755 2840 corpo.
787 2776 843 2824 culo
852 2789 897 2822 suo
906 2773 1050 2825 revolventis.
1061 2772 1163 2819 trocheis
1176 2770 1197 2818 P
1209 2770 1232 2818 L
1243 2769 1314 2845 ieris
1332 2770 1418 2831 cyclts's

119 2840 152 2887 ris
162 2841 274 2926 ptr-dms
290 2841 354 2904 (60).
787 2839 907 2904 uulgari„
924 2837 1064 2886 sivelocitus
1082 2835 1156 2883 centri
1176 2836 1197 2884 C
1214 2849 1290 2897 msJor
1308 2844 1417 2893 exutent,

152 2907 163 2968 (
184 2907 193 2966 )
211 2911 266 2954 493.
286 2910 346 2955 Cam
356 2908 397 2954 hec
411 2916 477 2956 motu

119 2973 288 3031 componendus
306 2980 347 3026 est,
366 2970 409 3017 &c-
447 2969 477 3018 ln

118 3033 240 3094 hypothesi
258 3034 329 3097 hujus
346 3033 477 3094 problems-

118 3096 156 3154 tis,
167 3112 263 3158 corpore
273 3098 322 3145 duo
336 3097 397 3144 rimi
413 3113 477 3145 oom-

118 3177 191 3208 mune
222 3161 339 3221 pravitatis
370 3172 476 3210 centrum

118 3241 161 3272 esu
171 3226 308 3272 umbilicum
317 3226 430 3273 mounes
437 3242 477 3274 co·

118 3291 184 3337 uims
202 3289 336 3337 describunt
355 3301 407 3352 (per
419 3292 474 3338 Cor.

118 3360 141 3402 9.
162 3355 230 3415 Prop.
252 3356 305 3416 58.)
329 3365 352 3402 et
369 3354 423 3401 sstis
441 3364 477 3404 est

119 3422 160 3481 (ex
183 3417 238 3466 noti
259 3418 383 3479 superiori)
405 3418 477 3466 unius

118 3483 221 3543 eorporis
247 3493 340 3530 motum
367 3483 475 3531 determi-

117 3561 181 3594 nsre·
214 3544 414 3608 ltsque,erempli
423 3562 476 3656 prs

115 3609 160 3668 sis,
185 3626 270 3673 eorpus
307 3611 327 3658 P
360 3612 424 3659 circu
434 3627 475 3659 um

119 3675 177 3723 ΡΑ
192 3675 214 3722 B
228 3675 253 3722 D
264 3675 410 3723 uniformiter
422 3675 474 3724 das·

117 3740 190 3787 milret
217 3739 362 3786 interesdum
394 3739 475 3787 circuli

116 3804 476 3863 oenuumC,cstmipsiuseircu·

118 3867 478 3929 upmoeqnbrrmmaur
695 3842 725 3906 G

116 3947 158 3994 per
173 3943 260 3979 rectem
282 3931 339 3980 CR
358 3933 472 3980 dimetro

120 3997 142 4044 Ρ
154 3996 176 4043 13
188 3995 411 4056 perpendiculum,
424 3997 500 4059 sitque
511 4012 603 4059 semper
610 3999 691 4047 circuli
699 3998 749 4061 pla·
781 3998 826 4049 erit
837 4003 857 4050 P
869 4002 892 4050 L
905 4002 918 4050 1
930 4003 1030 4050 trocheis
1041 4005 1172 4069 oblongam,
1189 4007 1332 4058 siveloritas
1341 4007 1411 4058 senui

117 4075 177 4107 num
188 4061 274 4107 mobile
285 4061 310 4106 in
321 4062 391 4122 plsno
410 4062 482 4125 hujus
499 4064 623 4110 schematis
642 4064 747 4112 immoto.
785 4067 805 4115 C
816 4068 899 4123 minor,
912 4068 955 4116 erit
969 4069 989 4115 P
1003 4069 1023 4115 L
1038 4070 1049 4115 1
1062 4070 1161 4118 trochois
1171 4071 1298 4120 decurtsts.

120 4123 150 4172 ln
162 4125 224 4170 lines
237 4125 257 4172 C
272 4125 408 4186 Pcspistur
421 4127 440 4173 C
455 4126 477 4173 G
494 4125 524 4172 sd
546 4126 601 4175 cP
618 4127 642 4174 in
662 4128 750 4176 rstionc
817 4131 853 4178 Sit
864 4134 963 4179 nuncii
980 4133 1082 4180 Psectio
1093 4135 1180 4195 qumvis
1191 4137 1272 4184 conics
1283 4138 1412 4200 rujusver·

116 4189 247 4236 veloeitstis
257 4190 330 4237 centri
343 4190 363 4238 C
374 4204 416 4251 per
426 4189 512 4238 lineam
525 4192 546 4239 C
560 4192 584 4238 R
599 4192 749 4254 progredien-
782 4205 820 4241 ter
835 4196 867 4252 A,
880 4196 1005 4243 umbilicus
1015 4213 1056 4243 seu
1068 4199 1152 4245 virium
1171 4210 1195 4246 et
1212 4203 1333 4262 perimus
1352 4218 1413 4249 rmu-

118 4251 155 4305 tis.
167 4252 197 4299 sd
208 4253 353 4300 velocitatem
364 4255 466 4315 emporis
480 4254 500 4300 P
511 4254 536 4301 in
547 4256 629 4305 circuli
644 4257 750 4317 periphe.
782 4273 855 4305 mune
865 4271 971 4306 cemmm
983 4261 1011 4316 C,
1023 4261 1072 4307 exis
1083 4267 1256 4311 tmnsversusA
1270 4267 1299 4322 C,
1308 4279 1413 4313 cenrmm

119 4315 154 4362 rit
172 4315 318 4373 revolventis,
337 4320 422 4366 rotsG
439 4319 460 4366 li
475 4319 495 4366 F
512 4331 593 4366 centro
612 4322 632 4367 C
652 4332 675 4367 et
686 4321 750 4368 radio
784 4323 963 4371 Cunilonniter
973 4336 1093 4372 morentur
1110 4329 1134 4372 in
1151 4329 1213 4374 recti
1226 4329 1251 4376 D
1265 4330 1289 4376 1t
1301 4330 1413 4390 positione

122 4381 143 4427 C
157 4381 179 4426 G
192 4379 305 4440 descripta
316 4398 385 4441 super
396 4383 502 4445 regulam
516 4385 539 4430 G
551 4382 577 4430 H
589 4384 619 4431 sd
633 4386 655 4431 G
667 4386 687 4432 C
699 4401 753 4432 nor·
784 4385 845 4440 deti,
866 4398 890 4434 et
908 4403 963 4434 eum
983 4389 1025 4434 iilo
1043 4389 1139 4449 planum
1159 4407 1236 4438 curvae
1257 4394 1279 4440 Α
1301 4395 1364 4449 PC,
1383 4392 1414 4439 iti

119 4443 205 4490 mslem
219 4446 381 4505 progrediatur
391 4446 531 4494 revolvendo
550 4448 611 4495 circi
629 4463 697 4495 uerri
714 4465 753 4496 su·
785 4451 936 4498 umslemtrn
947 4452 971 4499 io
983 4454 1053 4513 plano
1064 4455 1134 4517 hujus
1143 4457 1265 4502 sehemstis
1272 4457 1380 4513 immoto,
1389 4468 1414 4503 ut

119 4521 170 4562 um,
182 4517 204 4553 et
217 4519 331 4566 pssosmm
346 4510 401 4584 l'in
413 4510 483 4571 pinno
500 4512 580 4584 circuli
595 4512 617 4560 G
632 4513 654 4559 E
669 4512 689 4559 F
707 4512 751 4559 im·
782 4514 833 4560 sris
846 4517 868 4561 A
883 4516 911 4567 C,
924 4527 993 4563 reete
1007 4518 1028 4563 B
1043 4518 1075 4572 D,
1087 4519 1202 4592 positione
1212 4520 1273 4567 dete
1285 4522 1315 4568 sit
1326 4533 1414 4581 semp«

119 4583 214 4620 motum
225 4569 339 4620 describet
350 4573 437 4621 mterei
448 4575 592 4622 trochoidem
604 4575 627 4624 P
639 4576 662 4624 L
675 4576 685 4623 l
698 4592 752 4641 que
782 4578 915 4638 parallelus.
947 4581 1015 4628 Dum
1025 4596 1109 4643 corpus
1122 4583 1178 4630 Pur
1189 4584 1261 4632 curvi
1274 4587 1296 4632 A
1311 4587 1331 4634 1¹
1342 4584 1414 4632 mot·
