3098 5534
123 392 187 449 218
449 377 793 447 PHILOSOPHIAE
819 380 1096 451 NATURALIS
1140 385 1251 468 [Mor.
1266 388 1413 455 Coum

120 551 308 616 rithmorum
317 547 443 614 dabitur
453 570 527 613 area
536 550 567 613 A
577 547 633 614 11(
646 549 684 628 P,
701 551 741 635 (A)
756 551 847 640 eique
860 558 989 643 aequalia
999 583 1074 627 area
1083 562 1186 642 OPA,
1197 586 1270 650 quoe
1283 565 1418 631 subduc·

121 672 154 725 ta
166 658 207 724 de
219 658 376 746 triangulo
391 655 424 723 Ο
436 657 464 722 P
477 657 501 723 S
512 655 667 744 relinquet
677 680 783 725 aream
796 663 964 733 abscissam
975 668 1007 734 A
1021 670 1049 735 P
1061 671 1095 737 S.
1126 672 1416 759 Applicandoareoe

121 765 342 833 abscindenda
371 766 404 831 A
428 778 461 832 et
503 764 558 835 ab·

122 879 225 942 scissae
252 875 327 941 AP
357 874 381 939 S
410 873 557 943 differen-

120 991 197 1053 tiam
225 986 354 1072 duplam
380 994 401 1050 2
425 988 457 1051 A
487 986 556 1055 PS

121 1133 166 1148 -
194 1099 215 1156 2
257 1095 289 1158 A
317 1091 368 1156 vel
396 1097 416 1155 2
448 1093 481 1158 A
513 1129 556 1146 ·-

119 1215 139 1270 2
169 1208 201 1270 A
235 1206 264 1272 P
297 1207 321 1272 S
361 1207 401 1272 ad
443 1208 558 1272 lineam

121 1313 144 1378 S
159 1312 202 1390 N,
228 1334 300 1399 quae
314 1314 355 1378 ab
368 1314 517 1379 umbilico
534 1316 557 1379 S

117 1420 151 1484 in
171 1433 350 1510 tangentem
375 1422 407 1487 T
429 1422 458 1489 P
482 1444 555 1507 per·

117 1529 326 1612 pandiculeris
341 1542 397 1610 est,
421 1531 458 1616 (θ)
474 1530 556 1595 orie·

117 1651 168 1702 tur
211 1640 374 1727 longitudo
426 1638 554 1706 chorda

119 1743 201 1820 PQ.
245 1745 553 1812 Inscribaurautem

122 1848 241 1913 chorda
255 1848 308 1913 illa
327 1847 356 1913 P
371 1847 405 1925 Q
425 1849 508 1917 inter
523 1852 555 1915 A

122 1968 153 2021 et
160 1956 196 2034 P,
209 1956 234 2019 si
243 1954 460 2022 areaaboeissa
468 1955 555 2024 APS

122 2044 220 2149 major
232 2063 272 2127 sit
285 2062 358 2128 arei
369 2063 554 2131 abscinden-

122 2171 161 2234 di
178 2173 220 2248 A,
237 2194 325 2237 secus
340 2169 380 2235 ad
399 2174 509 2257 puncti
526 2174 554 2239 P

123 2281 292 2346 contrarias
318 2299 444 2368 partes3
479 2302 510 2354 et
534 2304 688 2377 punctum
714 2289 748 2367 Q
778 2287 838 2353 erit
863 2287 950 2353 loeua
980 2288 1121 2373 corporis
1146 2290 1333 2355 accuratior.
1380 2287 1412 2355 Et

122 2393 354 2476 computatione
368 2400 498 2482 repetiti
514 2402 689 2469 invenietur
706 2399 790 2464 idem
805 2397 981 2463 accuratior
995 2396 1028 2459 in
1043 2409 1241 2480 perpetuum.

167 2502 271 2585 Atque
293 2500 341 2565 his
356 2503 482 2572 calculis
497 2511 661 2594 problema
682 2504 873 2597 generaliter
884 2502 982 2567 confit
995 2501 1156 2590 analytici.
1181 2500 1304 2567 Venim
1319 2502 1412 2569 wan

124 2598 337 2672 astronomicis
351 2615 615 2681 accommodatior
630 2630 689 2704 esta
700 2611 839 2678 calculus
853 2610 1050 2696 particularis
1064 2610 1117 2696 qui
1133 2609 1286 2697 sequitur.
1332 2608 1413 2674 Exir-

125 2714 261 2779 tentibus
277 2718 308 2780 A
324 2717 366 2798 Ο,
383 2720 416 2787 Ο
433 2721 470 2801 Β,
489 2723 570 2790 OD
586 2721 776 2790 semiaxibus
791 2719 946 2803 ellipsoos,
962 2718 1036 2782 ctL
1051 2719 1149 2802 ipsius
1164 2717 1264 2783 latere
1275 2730 1371 2796 recto,
1385 2737 1413 2783 tc

128 2822 163 2886 D
177 2823 353 2892 differentia
367 2829 449 2895 inter
465 2833 635 2899 remiaxem
644 2834 704 2899 nri·

131 2950 242 2993 norem
266 2929 348 2997 OD
370 2946 402 2999 et
423 2934 530 3001 lateris
554 2937 632 3003 recti
655 2960 704 3005 se·
1054 2829 1092 2904 D

130 3036 257 3100 inissem
272 3042 292 3121 ᾖ
309 3038 356 3116 L;
379 3063 486 3127 quaere
512 3057 580 3108 tum
604 3065 703 3133 angu-

130 3139 196 3205 lum
206 3140 247 3219 Y,
265 3143 352 3228 eujus
364 3145 450 3211 sinus
466 3148 507 3212 sit
522 3148 563 3212 ad
579 3147 702 3213 radium
793 2933 1335 3387 Δ,
1351 3126 1386 3199 Ρ

133 3260 167 3311 ut
177 3261 223 3313 est
234 3252 451 3341 rectangulum
461 3254 521 3320 sub
529 3254 706 3320 differentia
1073 3189 1362 3392 ‘A

905 3406 929 3479 s
1052 3422 1084 3494 ο
1221 3418 1262 3493 11
1376 3356 1404 3432 Β

133 3359 188 3423 illa
229 3360 274 3439 D,
313 3373 346 3426 et
371 3365 571 3429 semisumma
601 3366 707 3429 axium
737 3344 775 3421 Α

133 3468 165 3531 A
189 3467 222 3533 Ο
256 3480 289 3547 ÷
323 3470 356 3535 0
388 3472 422 3537 Ι)
446 3472 487 3537 ad
517 3474 707 3561 quadratum

132 3576 202 3643 axia
217 3581 344 3665 majoris
362 3582 392 3646 A
406 3582 454 3658 B;
472 3597 539 3646 tum
555 3583 706 3671 angulum

132 3690 170 3771 Z,
194 3693 282 3778 cujus
303 3693 389 3757 ainus
410 3693 450 3756 sit
470 3693 511 3757 ad
533 3693 655 3757 radium
672 3711 707 3760 ut

130 3813 177 3865 eat
192 3801 324 3886 duplum
334 3801 551 3889 rectangulum
561 3801 618 3866 sub
634 3823 707 3866 um·

128 3908 293 3973 bilicorum
308 3908 453 3973 distantii
472 3910 496 3973 S
513 3908 549 3972 H
565 3921 597 3972 et
611 3906 786 3973 differentii
798 3904 850 3971 illa
872 3905 907 3970 D
922 3904 964 3969 ad
978 3903 1108 3990 triplum
1122 3902 1311 3991 quadratum
1337 3901 1427 3969 aemi·

128 4016 197 4082 axis
211 4016 337 4103 majoris
352 4016 383 4082 A
400 4013 441 4079 Ο.
488 4014 552 4080 His
567 4016 690 4103 angulis
714 4015 811 4082 semel
834 4014 978 4092 inventis,
1001 4012 1089 4078 locus
1115 4009 1256 4096 corporis
1271 4009 1318 4076 cic
1340 4008 1430 4077 dein·

131 4154 205 4212 mr,
233 4154 253 4201 a
285 4153 441 4216 manu·
470 4152 569 4216 quana
598 4153 702 4215 ψ.
727 4169 769 4214 per
801 4163 908 4216 aquaem
922 4150 1061 4199 arma
1081 4148 1433 4225 mimum-um

130 4217 769 4344 gffifflffiffvidamwsctiemritloguiffi-
803 4213 1433 4337 APS’ASQPIJARJQRQ

164 4346 571 4411 wimaraaoarcu).
795 4319 1430 4406 ”wmsQffi'V’w'ss

165 4409 682 4476 ·(=)atmqmaamorr(ana
797 4420 1439 4482 :a-aPs‚vet=APs-A.oepffl

166 4473 765 4538 ·(‘)oraurangonarrmmmm
905 4486 1124 4534 aa-aars
1221 4484 1439 4587 cars-aa·

132 4537 354 4601 PQexiguunit,
370 4538 443 4601 accipi
459 4548 588 4601 ροιαρω
606 4537 765 4596 chordipq
799 4526 1212 4615 9⁰²-s'ff‘”'⁰¹=
1236 4549 1428 4613 —ff-
