3098 5534
117 380 181 436 314
429 367 770 435 PHILOSOPHIAE
793 364 1066 433 NATURALIS
1131 364 1406 444 [moneam.

115 557 220 610 motus
233 545 324 609 initio
336 543 493 630 descripta
506 554 579 609 sunt
591 543 626 606 ia
638 540 796 629 duplicati
812 541 932 605 ratione
954 553 1140 623 temporum
1185 539 1329 604 Ponatur
1349 537 1408 624 igi-

115 670 169 721 tur
181 654 330 721 velocitas
351 652 491 739 corporis
516 673 539 737 p
561 673 631 717 ease
652 649 694 716 ad
716 649 912 715 velocitatem
934 647 1076 732 corporis
1091 646 1120 711 P
1133 645 1167 710 in
1190 645 1408 732 subduplicati

119 1645 240 1710 ratione
256 1642 410 1707 distantiae
425 1663 440 1706 s
454 1661 476 1725 p
491 1636 532 1704 ad
547 1635 724 1703 distantiam
741 1636 769 1704 C
786 1637 824 1716 P,
841 1656 879 1702 eo
902 1648 938 1703 ut
962 1637 1167 1724 temporibus,
1195 1663 1268 1728 quae
1293 1641 1357 1708 sint
1380 1644 1412 1709 in

121 1752 232 1820 eisdem
247 1748 462 1837 subduplicati
477 1748 608 1825 ratione,
623 1744 839 1812 describantur
854 1769 945 1813 arcus
959 1771 981 1834 p
1000 1772 1031 1836 q,
1051 1751 1077 1815 P
1092 1751 1135 1828 Q,
1159 1752 1212 1838 qui
1228 1766 1301 1817 sunt
1316 1754 1349 1816 in
1364 1776 1414 1818 rn-

121 1863 207 1928 tione
223 1860 363 1949 integri:
388 1860 431 1925 Et
445 1878 577 1942 corporo
592 1856 630 1934 P,
646 1877 668 1940 p
683 1855 800 1920 viribus
816 1855 989 1943 aequalibus
1004 1880 1127 1941 semper
1149 1871 1280 1924 attracta
1298 1860 1414 1926 descri-

123 1971 200 2041 bcnt
210 1972 327 2036 circum
342 1981 450 2034 centra
463 1963 653 2054 quiescentia
665 1963 692 2028 C
705 1977 736 2028 et
750 1986 766 2027 s
780 1964 896 2051 figuras
912 1963 1025 2028 similes
1039 1965 1066 2029 P
1078 1965 1112 2042 Q
1123 1966 1164 2043 V,
1177 1988 1197 2050 p
1209 1989 1230 2051 q
1241 1989 1271 2045 v,
1282 1991 1415 2055 quarum

123 2080 278 2169 posterior
292 2100 313 2164 p
329 2100 351 2164 q
365 2099 384 2139 v
399 2073 508 2139 similis
523 2085 571 2138 est
584 2084 616 2137 ct
630 2069 758 2157 oequalis
771 2069 893 2158 figurae,
917 2092 1009 2157 quarn
1032 2094 1146 2158 corpus
1162 2073 1190 2137 P
1204 2074 1323 2140 circum
1347 2099 1415 2142 cor·

122 2210 182 2275 pus
197 2183 311 2250 mobile
328 2185 352 2249 S
366 2180 523 2247 describit.
568 2179 611 2256 Q.
626 2202 654 2243 e.
670 2176 702 2244 d.
911 2252 914 2257 Α

168 2296 235 2360 cas.
260 2299 291 2357 2.
316 2289 474 2355 Ponamus
484 2289 551 2373 jam
566 2285 651 2373 quod
666 2305 831 2351 commune
844 2282 1004 2374 gravitatis
1019 2298 1171 2366 centrum,
1187 2286 1249 2351 und
1262 2312 1334 2354 cum
1347 2313 1416 2378 spa-

127 2403 172 2469 tio
187 2405 217 2467 in
234 2423 297 2488 quo
312 2420 444 2485 corpora
457 2408 623 2460 morentur
636 2394 718 2459 inter
733 2417 774 2472 se,
784 2392 984 2482 progredstur
995 2396 1190 2461 uniformiter
1201 2399 1232 2461 in
1245 2398 1398 2464 directum
1406 2426 1416 2480 3

125 2526 156 2577 et
179 2516 249 2597 (per
264 2508 369 2595 legum
386 2503 594 2571 Corollarinm
611 2502 747 2582 sextum)
769 2514 873 2567 rnotus
889 2522 996 2566 omnes
1011 2505 1044 2568 in
1059 2505 1120 2568 hoc
1142 2507 1242 2591 spatio
1263 2530 1416 2598 peragen-

123 2635 175 2686 tur
190 2633 225 2684 ut
239 2618 335 2704 prius,
351 2613 486 2701 ideoque
500 2633 633 2698 corpora
647 2609 824 2677 describent
838 2613 956 2678 circum
971 2638 1004 2679 se
1019 2626 1129 2681 mutuo
1151 2616 1269 2705 figuras
1291 2619 1416 2684 easdem

122 2752 159 2794 ao
174 2729 271 2814 prius,
288 2737 320 2789 et
334 2737 499 2809 propterea
514 2720 625 2810 figuroe
639 2743 661 2802 p
677 2745 697 2809 q
712 2745 731 2785 v
746 2721 861 2786 similes
876 2735 908 2787 et
922 2725 1067 2811 oequales.
1113 2726 1155 2803 Q.
1172 2750 1198 2791 e.
1216 2727 1247 2792 d.

167 2839 266 2903 Corol.
293 2844 321 2900 1.
346 2834 435 2899 Hinc
450 2853 583 2918 corpora
594 2831 795 2910 duo,viribus
809 2830 965 2896 distantiae
987 2856 1052 2898 suae
1074 2836 1362 2920 proportionalibus
1384 2861 1418 2902 se
1500 2827 1502 2847 ’

121 2958 231 3012 mutuo
246 2943 410 3021 trahentia,
426 2941 609 3008 describunt
624 2951 694 3027 (per
709 2941 806 3026 Prop.
824 2941 882 3023 X.)
898 2954 930 3005 et
944 2943 1061 3007 circum
1076 2966 1242 3011 commune
1256 2947 1417 3035 gravitatis

122 3070 274 3133 centrum,
291 3068 323 3120 et
337 3053 455 3118 circum
470 3075 504 3117 se
518 3064 638 3128 mutuo,
654 3049 779 3135 ellipses
794 3051 1026 3129 concentrica53
1049 3065 1080 3117 et
1095 3055 1161 3118 vice
1176 3055 1276 3132 versi,
1299 3057 1325 3119 si
1340 3056 1416 3121 tales

121 3168 232 3253 figura
247 3160 476 3237 describuntur,
493 3173 566 3223 sunt
581 3159 661 3222 vires
683 3157 725 3243 (⁶)
748 3156 904 3221 distantiae
919 3160 1177 3244 proportionales.

166 3273 264 3338 Corol.
289 3278 320 3335 2.
344 3269 387 3334 Et
401 3289 535 3352 corpora
558 3266 632 3345 duo,
661 3265 778 3363 viribus
803 3265 959 3352 quadrato
986 3267 1142 3333 distantioe
1168 3294 1233 3336 sum
1259 3274 1416 3358 reciproci

120 3374 414 3467 proportionalibus,
432 3368 616 3436 describunt
639 3376 704 3454 (per
725 3368 822 3454 Prop.
839 3370 903 3435 XI.
920 3370 1002 3436 ΧΠ.
1018 3373 1134 3454 ΧΙΙΙ.)
1158 3390 1189 3440 et
1203 3378 1320 3441 circum
1332 3402 1417 3443 corr.-

121 3509 216 3553 mune
230 3481 389 3572 gravitatis
405 3491 558 3554 centrum,
575 3492 606 3542 et
620 3479 738 3542 circum
753 3499 787 3541 se
802 3491 922 3555 mutuo,
939 3480 1093 3544 sectiones
1103 3484 1226 3547 conicas
1236 3486 1415 3552 umbilicum

122 3594 272 3660 habentes
288 3591 320 3653 in
335 3602 453 3663 centro,
470 3585 587 3648 circum
603 3584 688 3670 quod
703 3584 815 3672 ligura*
837 3583 1065 3651 describuntur.
1112 3589 1155 3654 Et
1177 3594 1244 3656 vice
1267 3596 1367 3674 versi,
1390 3601 1415 3661 si

122 3704 200 3771 tales
215 3702 326 3791 figurae
341 3687 570 3772 describuntur,
587 3696 668 3759 vires
684 3692 866 3779 centripetoe
890 3708 962 3759 sunt
986 3697 1137 3782 quadrato
1159 3699 1314 3766 distantia)
1338 3709 1415 3771 reci·

120 3812 214 3903 proed
230 3803 488 3897 proportionales.

120 3982 177 4031 rpr
193 3965 213 4013 C
227 3963 363 4024 P=pq:
380 3958 443 4016 PQ,
461 3957 560 4009 atvero
578 3959 617 4025 (5)
635 3960 677 4010 V:
691 3977 751 4009 r=
784 3961 873 4011 cirrum
892 3977 979 4023 corpus
997 3965 1082 4013 mobile
1101 3966 1124 4021 S,
1144 3969 1284 4030 (spectatum
1303 3977 1415 4033 tanquam

121 4046 163 4109 pp
204 4028 225 4077 Ρ
237 4028 263 4083 Q
378 4022 442 4093 '1¹²‘
461 4026 493 4070 t'
565 4063 574 4077 ,
671 4081 677 4093 Ι
785 4025 918 4083 immotum,
933 4037 960 4075 nt
971 4027 995 4073 in
1007 4030 1161 4089 propositione
1178 4033 1290 4092 superiori
1307 4037 1415 4094 exposui.

131 4110 155 4160 rp
176 4089 182 4119 ²
200 4091 262 4154 ’Τ
273 4064 322 4114 ’Μ
332 4072 359 4111 ⁰⁸
378 4088 421 4150 '⁷1¹⁸'
436 4098 442 4110 ⁸
461 4088 501 4150 'f’
518 4062 623 4128 “im
635 4064 659 4110 v
671 4098 677 4111 ·
691 4079 704 4111 V
716 4084 751 4111 ²
784 4089 850 4150 mus)
870 4091 979 4139 describit
990 4092 1072 4138 eodem
1083 4103 1194 4154 ternpore,
1215 4112 1263 4157 quo
1281 4097 1343 4144 circi
1360 4115 1416 4147 een·

123 4175 163 4225 T,
178 4182 232 4220 ις
244 4171 324 4232 φρ
336 4185 342 4214 2
356 4170 388 4228 μ
401 4166 421 4214 c
433 4165 462 4213 Ρ,
495 4165 750 4227 ῙμςῃςωροηΡ,ρ,
783 4161 848 4200 trum
863 4154 891 4211 C,
903 4154 1013 4202 describit
1024 4155 1122 4217 liguram
1134 4157 1234 4205 similari
1247 4160 1269 4208 P
1282 4163 1307 4216 Q
1319 4162 1349 4209 V.

122 4238 209 4288 virtum
220 4232 348 4296 rrqurlibur
359 4239 561 4290 semper-rtrum,
573 4229 661 4304 circrrrn
672 4242 751 4278 eenrra
814 4232 848 4296 (θ)
867 4238 880 4266 ⁸
899 4237 1023 4284 ommia·
1038 4241 1221 4298 prqmgfmre,
1266 4240 1329 4287 eum
1350 4243 1415 4290 ,nim

121 4299 263 4367 quiescentia
275 4298 303 4352 C,
316 4311 333 4345 r.
346 4306 464 4342 uiuentes
480 4294 566 4353 tipum
581 4294 668 4340 similes
684 4292 705 4341 P
719 4296 751 4349 0„
785 4298 825 4359 (ex
839 4298 924 4358 Deru.)
942 4315 1026 4358 eorpus
1037 4316 1060 4360 p,
1073 4301 1133 4347 circi
1145 4319 1163 4357 s,
1175 4314 1198 4349 et
1216 4319 1313 4363 corpora
1324 4306 1373 4352 duo
1388 4309 1414 4363 Ρ,

121 4382 171 4431 pq,
182 4361 287 4424 :delique
297 4369 322 4407 et
337 4357 425 4419 figam
441 4357 534 4419 quasvis
549 4357 636 4431 similer
649 4358 670 4405 P
683 4359 709 4415 Q
720 4358 751 4415 V,
786 4362 811 4415 S,
821 4362 882 4410 cired
893 4379 1019 4410 commune
1029 4366 1147 4426 gnritrtis
1163 4377 1268 4413 centrum
1283 4371 1312 4422 C,
1331 4380 1355 4416 et
1370 4372 1414 4417 cir-

121 4446 138 4495 p
148 4446 164 4497 q
175 4445 198 4486 v,
212 4425 342 4473 describent
352 4422 494 4482 temporibus
502 4430 526 4467 ct
534 4420 752 4484 velocitatibusqun
784 4440 838 4471 curn
850 4441 874 4472 re
885 4425 969 4473 mirtud
977 4427 1063 4488 figuras
1071 4428 1157 4475 similes
1164 4431 1185 4475 vi
1194 4432 1321 4492 centripeti
1329 4435 1414 4496 requali

121 4504 190 4545 met
201 4492 225 4538 ln
236 4487 396 4548 rulrluplicrtt
408 4486 496 4532 ratione
507 4484 668 4531 distantiarum
684 4485 748 4532 simi·
779 4487 917 4544 dercribant,
935 4490 1010 4552 sitque
1028 4496 1080 4551 (per
1093 4493 1162 4553 Prop
1179 4495 1223 4553 Χ.)
1240 4495 1318 4555 figura
1334 4507 1408 4559 pqv,

122 4558 179 4607 liuta
192 4558 212 4603 t?
228 4554 253 4606 l’.
273 4572 285 4597 a
302 4566 324 4611 p·
360 4550 501 4624 menam
518 4551 556 4612 (er
571 4548 655 4608 Dein.)
673 4548 749 4611 figura
780 4550 868 4612 ellipsin
877 4554 945 4616 eujus
955 4565 1062 4603 centrum
1075 4557 1099 4614 S,
1120 4557 1194 4619 liquet
1212 4561 1295 4607 veritos
1313 4563 1413 4610 corolla·

121 4638 162 4689 pq
175 4642 196 4685 v,
210 4616 292 4667 airullis
301 4625 325 4663 et
335 4614 432 4678 aqualis
442 4613 524 4675 figure
535 4627 606 4675 quarn
621 4627 705 4674 eorpus
718 4615 747 4671 l’,
779 4615 816 4662 rii.
