3098 5534
135 365 176 423 58
458 363 798 437 PHILOSOPHIAE
813 370 1086 442 NATURALIS
1138 379 1252 459 [Mor.
1271 380 1437 448 Concor.

132 552 211 615 pore
225 531 309 609 dnto,
337 556 409 599 cum
429 538 592 607 velocitate
612 543 666 608 iiii
681 547 817 612 maximis
827 550 895 635 jem
915 563 988 617 ente
1002 553 1137 635 inventi,
1152 555 1364 623 uniformiter
1378 558 1437 625 de·

130 639 223 706 scribi
233 654 346 727 potest

1250 2541 1286 2598 i:

801 2586 835 2638 i)

166 2736 264 2801 Cerei.
293 2741 322 2802 7.
355 2734 392 2818 (⁸)
409 2733 452 2797 Et
475 2732 691 2818 regrediendo,
717 2755 757 2796 ex
780 2732 855 2797 dato
878 2755 1023 2800 ascensus
1048 2736 1097 2801 vel
1120 2736 1292 2805 descensus
1314 2744 1417 2827 spatio

121 2844 154 2907 A
170 2843 198 2907 Β
213 2866 234 2906 n
249 2843 271 2906 k
286 2842 335 2906 vel
351 2844 379 2904 A
398 2840 426 2904 Β
444 2841 475 2903 Ν
492 2841 533 2917 Κ,
550 2840 675 2904 dabitur
689 2854 811 2924 tempus
828 2844 859 2906 A
874 2843 908 2908 D
923 2857 936 2906 t
950 2845 999 2908 vel
1013 2847 1044 2909 A
1060 2846 1094 2909 D
1109 2846 1150 2911 T.

152 3021 188 3086 (⁸)
206 3024 244 3068 97.
266 3021 300 3066 Et
316 3018 469 3079 regrediendo.
505 3015 749 3076 Nimirumeiipiends
781 3023 888 3065 2A=
906 3019 930 3065 A
951 3018 973 3067 B
992 3019 1018 3067 N
1036 3019 1062 3068 K
1079 3020 1116 3067 rel
1136 3022 1161 3068 A
1180 3021 1202 3069 B
1219 3022 1289 3070 nk:
1307 3024 1411 3075 ΔΜ.

120 3079 748 3141 esteresABnk,velABNsttriengulurn
784 3082 885 3136 Q.e.d.
1355 3151 1402 3163 ..

123 3148 146 3195 A
160 3149 218 3195 DC
235 3148 259 3193 iu
276 3145 330 3192 isit
347 3147 435 3191 ratione
452 3144 518 3203 spatii
529 3143 577 3189 deti
589 3144 696 3189 escensiis
712 3145 749 3190 vel
814 3152 852 3193 98.
874 3145 898 3193 Si
910 3161 994 3206 eorpus
1004 3161 1060 3194 crim
1070 3147 1190 3194 velocitate
1204 3163 1259 3210 que
1276 3150 1374 3212 aqualis
1384 3162 1412 3198 sit

120 3210 244 3259 descensis
255 3209 285 3255 sd
295 3209 395 3267 duplum
407 3210 482 3267 spatii,
494 3206 556 3268 quod
568 3222 652 3266 corpus
663 3208 687 3253 iii
698 3222 747 3253 me-
780 3208 888 3255 msximae
907 3212 929 3255 A
944 3212 972 3266 C,
988 3211 1125 3257 verticsiiter
1139 3211 1276 3273 projiciatur
1293 3214 1409 3267 demmin

120 3275 160 3323 dio
177 3290 224 3321 non
240 3275 360 3320 resistente
371 3272 476 3318 cedendo
486 3271 593 3317 describit
603 3280 631 3316 ut
640 3271 748 3317 velociie-
781 3273 888 3333 aequabili
900 3283 965 3320 motu
977 3273 1110 3331 descendet,
1127 3278 1158 3322 ob
1168 3275 1325 3324 resistentiam
1336 3280 1411 3340 gravi-

119 3349 168 3386 tem
184 3338 309 3385 maximam
323 3338 346 3381 A
360 3336 380 3383 C
392 3335 501 3396 acquiret,
522 3344 591 3395 etque
607 3333 639 3379 iti
655 3335 747 3381 dabitur
779 3337 821 3382 teti
874 3337 950 3382 uelem
968 3348 991 3383 et
1007 3339 1144 3384 contrariam
1162 3341 1214 3400 (per
1227 3340 1283 3386 Cor.
1300 3346 1322 3386 2.
1339 3340 1408 3402 Prup.

121 3403 144 3449 A
157 3403 173 3448 k
185 3402 220 3448 rel
234 3402 256 3447 A
272 3401 304 3446 K.
342 3399 375 3445 Et
385 3399 440 3445 hine
456 3398 549 3444 dabitur
567 3400 589 3444 A
601 3414 617 3458 p
630 3399 666 3445 vel
681 3402 702 3444 A
718 3398 746 3453 P,
781 3352 874 3458 vllii
886 3401 904 3445 si
917 3400 999 3446 minori
1011 3416 1066 3447 cum
1077 3401 1197 3448 velociore
1208 3403 1353 3464 projiciatur,
1371 3421 1410 3451 er.

118 3481 160 3513 eeu
171 3465 293 3521 relocitns;
305 3478 333 3510 ex
345 3463 381 3507 bis
391 3472 469 3508 sutem
480 3461 573 3508 debitur
583 3474 658 3509 sector
671 3463 693 3508 A
705 3462 748 3508 Dt
779 3474 880 3522 ponetur
887 3463 995 3510 velocitas
1001 3464 1041 3511 ills
1049 3479 1089 3524 per
1097 3465 1166 3510 lineae
1178 3467 1202 3510 A
1214 3466 1234 3513 C
1246 3479 1338 3525 putem
1348 3471 1370 3515 A
1382 3469 1410 3526 P,

117 3529 155 3577 rel
175 3533 197 3576 A
213 3530 236 3575 D
249 3529 278 3583 T,
297 3542 338 3572 seu
357 3535 450 3586 tempus
467 3530 519 3589 (per
531 3525 585 3572 Cor.
600 3527 646 3586 5.).
682 3526 746 3572 Nam
779 3536 802 3573 et
814 3537 891 3572 motus
902 3530 1002 3587 corporis
1013 3528 1106 3590 projecti
1117 3528 1179 3574 idem
1188 3529 1231 3575 erit
1242 3545 1269 3576 sc
1281 3531 1301 3575 si
1313 3533 1409 3594 equiete

118 3595 218 3653 spritium
229 3591 292 3652 quod
304 3605 387 3649 eorpus
398 3590 423 3634 in
434 3588 512 3635 medio
523 3604 569 3635 non
582 3591 698 3636 resistente
709 3603 747 3634 αι-
779 3589 940 3636 descendendo
952 3591 1094 3637 velocitatem
1105 3591 1182 3637 dsinrn
1196 3592 1219 3665 A
1232 3592 1261 3648 P,
1269 3594 1321 3655 juin
1332 3595 1409 3656 sequi.

119 3657 195 3704 dendo
212 3655 319 3701 describit
337 3662 364 3699 ut
380 3653 523 3699 velocitatem
543 3655 670 3698 maximnm
690 3654 711 3698 A
727 3652 747 3698 C
779 3652 867 3700 sivisset
878 3667 901 3700 et
912 3653 997 3701 deinde
1008 3664 1112 3717 pergeret
1122 3669 1225 3712 rnorem
1241 3671 1318 3718 quere
1332 3670 1409 3705 motos

118 3721 221 3781 nequiret
238 3719 329 3765 dicetur
351 3719 382 3772 A,
399 3726 492 3776 tempus
507 3731 555 3777 quo
570 3717 670 3776 spatium
687 3715 746 3761 iliud
779 3717 873 3779 projecti
885 3718 909 3762 in
920 3719 964 3764 hoc
980 3733 1034 3765 essu
1046 3732 1075 3764 ex
1086 3717 1242 3778 superioribus
1252 3719 1324 3768 sscile
1334 3721 1409 3769 deter-

117 3784 253 3830 deseribiiur
265 3782 295 3834 T,
313 3781 414 3841 spritium
428 3779 492 3841 quod
504 3780 528 3824 in
539 3781 617 3826 medio
628 3780 746 3825 resistente
779 3780 911 3827 minabitur.
1098 3845 1105 3857 .
1138 3845 1145 3857 ι
1238 3845 1244 3858 .
1354 3849 1361 3859 Ι
1402 3849 1408 3862 ⁸

117 3847 224 3894 describit
235 3856 261 3892 ut
272 3845 375 3906 nequiret
385 3844 529 3889 velocitatem
542 3844 565 3890 A
580 3845 608 3899 P,
626 3843 661 3889 rel
678 3846 746 3890 emit·
812 3851 849 3893 99.
871 3843 958 3890 Verdm
975 3846 994 3890 si
1011 3847 1158 3919 projectionis
1172 3845 1282 3894 velocem
1293 3849 1409 3924 termimb

117 3922 150 3958 tat
161 3910 305 3956 velociiiitem
326 3911 347 3954 A
360 3923 375 3966 p
390 3907 509 3962 diceturs,
527 3917 619 3966 tempus
630 3917 647 3963 t,
659 3917 743 3966 etspe-
780 3908 838 3959 AC
857 3909 931 3970 major
950 3919 991 3963 est,
1011 3921 1194 3957 constructiones
1216 3910 1409 3971 propositionum

117 3976 177 4022 tium
188 3973 251 4035 quod
262 3981 455 4031 corpustempore
466 3970 507 4016 illo
518 3979 528 4016 t
539 3980 561 4016 et
570 3971 688 4018 velocitate
695 3987 744 4016 rna·
779 3972 857 4019 Vlli.
871 3983 894 4018 et
907 3972 955 4018 ix,
968 3974 1087 4019 mutanda·
1098 3984 1174 4047 crunt.
1203 3973 1237 4019 Et
1244 3975 1344 4035 quidem
1355 3993 1409 4024 ccu-

118 4039 181 4086 ximii
195 4041 216 4084 A
231 4035 409 4083 Cuniforniiter
420 4033 589 4095 progrediendo
600 4034 706 4081 describit
716 4035 746 4079 sit
778 4036 874 4081 structio
887 4036 1097 4095 propositiones*
1109 4051 1142 4082 sic
1153 4037 1276 4084 mutanda.
1299 4040 1409 4101 Descrip-

118 4105 178 4158 S,et
189 4101 244 4162 quis
255 4103 305 4161 (99.
322 4099 374 4145 Lib.
391 4098 426 4158 1.)
443 4112 527 4158 corpus
538 4098 657 4145 velociore
671 4100 745 4144 msxi·
777 4099 802 4146 d
813 4100 873 4145 inter
883 4110 1025 4160 nsymptotos
1035 4100 1197 4160 orthogonalis
1211 4101 1233 4146 A
1248 4102 1278 4155 C,
1295 4105 1315 4150 C
1330 4104 1356 4150 H
1368 4106 1410 4166 hy.

117 4167 157 4212 ind
172 4170 193 4212 A
208 4166 227 4212 C
240 4162 386 4210 uniformiter
399 4161 576 4222 progrediendo,
593 4171 697 4220 ternpore
714 4162 744 4219 T,
777 4162 872 4223 perbolii
882 4163 984 4224 quilibet
997 4165 1014 4210 S
1027 4166 1049 4210 0
1060 4164 1084 4209 N
1097 4164 1127 4216 B.
1139 4164 1409 4227 producaturssympra

117 4229 227 4277 describit
242 4227 368 4287 spatium
384 4227 414 4277 A,
425 4225 469 4271 erit
480 4227 514 4286 (5.
525 4225 578 4272 Lib.
594 4224 629 4285 1.)
643 4226 678 4271 S:
694 4231 708 4270 2
722 4227 744 4272 A
777 4237 816 4274 tus
830 4227 850 4274 A
866 4227 951 4279 Ciris.
969 4237 993 4273 et
1002 4237 1131 4287 exponetur
1141 4227 1176 4273 vis
1184 4229 1309 4290 grrrimtis
1319 4232 1410 4291 perde-

115 4312 151 4338 =
160 4304 184 4339 t:
196 4292 225 4338 Τ.
253 4291 298 4338 Sed
311 4293 363 4351 (per
373 4290 427 4337 Cor.
441 4293 465 4336 5.
478 4298 502 4334 et
512 4298 559 4334 not.
571 4288 622 4349 93.)
635 4299 662 4335 t:
677 4289 700 4335 T
710 4308 745 4334 =
778 4300 826 4337 tarn
842 4289 928 4336 iineem
944 4306 959 4336 s
972 4291 999 4344 C,
1015 4290 1144 4336 resistentis
1154 4291 1222 4337 initio
1232 4294 1316 4338 motiis
1327 4311 1368 4354 pa
1383 4296 1411 4342 li.

120 4359 142 4404 A
157 4357 181 4403 D
195 4355 263 4402 Trel
278 4356 300 4400 A
315 4356 338 4400 D
350 4364 377 4400 t:
395 4354 417 4399 A
426 4353 451 4399 D
460 4353 489 4408 C,
501 4351 600 4412 ideoque
612 4354 643 4399 S:
654 4357 669 4398 2
679 4356 745 4399 A:
777 4369 846 4399 neem
856 4369 871 4399 n
885 4356 915 4409 A,
933 4355 1059 4400 resistentis
1070 4355 1148 4414 elnpso
1158 4355 1242 4415 quovis
1252 4367 1361 4417 tempore
1372 4375 1411 4420 per

118 4421 141 4467 A
156 4421 181 4467 D
193 4420 216 4466 T
227 4418 262 4464 rel
277 4419 298 4465 A
313 4418 338 4463 D
350 4427 374 4463 t:
391 4418 413 4462 A
428 4417 453 4463 D
466 4418 494 4472 C,
511 4425 534 4461 et
551 4419 603 4477 (per
616 4416 669 4463 Cor.
685 4421 704 4462 i.
717 4432 744 4463 re
776 4416 861 4463 lineam
874 4417 1018 4463 indefinitum
1030 4434 1043 4463 s
1057 4418 1089 4464 K.
1126 4418 1244 4464 Velocius
1255 4424 1362 4482 corporis
1372 4437 1411 4483 per

115 4485 153 4542 9.)
170 4500 198 4529 s:
215 4485 276 4529 S=
290 4482 313 4527 A
328 4480 386 4527 BN
400 4480 425 4526 K
442 4480 479 4526 vel
498 4480 520 4526 A
535 4479 630 4525 nni:
647 4480 668 4524 A
684 4480 744 4527 DT
776 4480 863 4526 lineum
881 4481 929 4525 ai>
948 4498 1001 4543 quie
1020 4482 1050 4528 sit
1065 4481 1142 4527 medis
1159 4483 1411 4541 proportionalisinter

116 4548 151 4594 vel
172 4551 194 4595 A
210 4547 234 4593 D
245 4557 263 4601 t,
282 4543 412 4604 respective.
450 4542 531 4599 Quiri
551 4545 591 4606 (ex
609 4543 688 4606 ecquo)
706 4560 717 4590 s
734 4563 739 4590 :
775 4560 789 4590 n
802 4544 827 4591 K
838 4553 862 4591 et
872 4561 886 4590 n
899 4545 927 4601 C,
944 4545 1043 4607 ideoque
1054 4546 1079 4591 in
1090 4544 1255 4605 subduplicetii
1272 4551 1366 4597 neorii
1376 4566 1414 4598 rt·
