3098 5534
127 361 172 407 xx
692 345 919 467 pulionis

123 529 156 581 et
171 516 245 581 inde
260 516 479 584 concludimus
492 539 626 603 corpora
640 518 796 596 universa,
819 519 914 584 etiam
935 517 990 583 illa
1003 517 1044 582 de
1059 516 1172 604 quibus
1187 515 1425 611 observationes

121 649 186 692 non
208 625 372 708 habemus,
396 643 527 697 extensa
551 654 621 698 esse
645 642 678 697 et
701 631 831 697 mobilia
856 642 889 695 et
912 626 1170 714 impenetrabilia.
1216 626 1267 691 lta
1289 634 1427 710 corpora

120 739 227 805 omnia
242 752 316 805 sunt
333 743 452 831 gravia,
475 742 645 830 dequibus
664 741 898 829 observationes
921 739 1094 807 babemus:
1118 750 1150 802 et
1171 734 1246 801 inde
1261 732 1425 801 concludi·

120 869 191 913 meu
206 871 339 935 corpora
354 851 509 931 universa,
533 852 627 918 etiam
642 832 697 919 illa
714 853 753 918 de
778 852 891 940 quibus
916 849 1151 916 observationes
1169 870 1234 912 non
1255 845 1422 922 babemus,

120 957 228 1044 gravia
242 980 320 1022 esse.
368 959 403 1024 Si
418 960 487 1046 quis
505 960 590 1027 dicat
605 983 738 1046 corpora
759 961 920 1025 stellarum
942 958 1148 1024 inerrantium
1169 978 1235 1020 non
1256 977 1327 1020 esse
1349 976 1424 1042 gru

84 1063 181 1141 .’via‚
209 1065 467 1153 quandoquidem
492 1090 603 1133 eorum
628 1069 764 1157 gravitas
788 1068 930 1133 nondum
954 1081 1003 1133 est
1027 1068 1193 1133 observata
1200 1091 1210 1143 ;
1236 1065 1351 1131 eodem
1371 1086 1425 1131 ar-

118 1187 273 1263 gumento
294 1173 401 1239 dicere
422 1174 529 1242 licebit
551 1199 654 1265 neque
676 1191 807 1242 extensa
829 1201 908 1256 esse,
929 1199 988 1242 nec
1002 1174 1141 1252 mobilia,
1158 1197 1217 1239 nec
1231 1170 1425 1259 impenetra-

118 1283 206 1361 bilia,
223 1283 299 1348 crim
319 1283 371 1347 he
389 1285 526 1349 fixarum
546 1284 728 1351 affectiones
748 1285 898 1350 nondtim
914 1284 977 1350 sint
997 1284 1181 1348 observatae.
1230 1280 1318 1358 Quid
1342 1284 1425 1366 opus

121 1409 171 1461 est
184 1393 310 1461 verbis?
331 1395 414 1459 inter
432 1395 598 1481 primarias
616 1395 781 1483 qualitates
796 1417 966 1481 corporum
987 1393 1206 1458 universorum
1219 1390 1271 1456 vel
1284 1389 1424 1478 gravitas

117 1501 250 1568 babebit
263 1502 369 1566 locum
381 1527 391 1578 3
413 1502 464 1568 vel
479 1503 634 1582 extensio,
647 1503 815 1583 mobilitas,
833 1516 865 1569 et
879 1501 1160 1589 impenetrabilitas
1171 1522 1237 1564 non
1246 1498 1425 1565 habebunt.

120 1610 164 1676 Et
173 1622 292 1699 *natura
306 1633 414 1677 rerum
427 1610 477 1676 vel
492 1611 577 1676 recte
592 1611 802 1698 explicabitur
817 1635 876 1698 per
890 1633 1061 1698 corporum
1075 1612 1273 1700 gravitatem,
1290 1602 1342 1674 v'el
1355 1628 1424 1691 mm

119 1720 203 1787 reete
218 1723 426 1808 explicabitur
439 1745 498 1808 per
512 1744 682 1808 corporum
697 1723 925 1801 extensionem,
942 1721 1161 1799 mobilitatem,
1184 1730 1216 1784 at
1230 1720 1426 1804 impenetra-⁴

117 1831 283 1897 bilitatem.

162 1941 270 2006 Audio
278 1941 448 2006 nonnullos
463 1941 545 2007 hanc
561 1943 740 2028 improbare
754 1942 999 2018 conclusionem,
1023 1952 1055 2006 et
1078 1940 1118 2004 de
1133 1938 1274 2004 occultis
1287 1935 1424 2025 qualite.

117 2049 201 2115 tibus
216 2049 324 2115 nescio
337 2048 414 2136 quid
429 2050 603 2114 mussitare.
650 2050 848 2117 Gravitatem
863 2049 981 2114 scilicet
995 2047 1155 2113 occultum
1164 2070 1232 2111 esse
1244 2045 1333 2133 quid,
1348 2067 1424 2132 per·

116 2156 215 2243 petud
237 2156 377 2244 argutari
402 2156 524 2235 solent3
547 2156 686 2222 occultas
710 2157 786 2223 verb
812 2180 921 2222 causas
947 2156 1060 2242 procul
1085 2179 1155 2222 esse
1180 2154 1376 2244 ablegandae
1403 2179 1424 2220 a

116 2265 326 2354 philosophici.
374 2267 438 2334 His
462 2281 569 2333 autem
588 2267 679 2332 facile
700 2268 927 2353 respondetur3
950 2267 1089 2332 occultas
1116 2289 1186 2332 esse
1211 2286 1333 2344 canna
1357 2270 1424 2330 non

116 2374 186 2441 illas
195 2376 323 2463 quidem
338 2398 472 2464 quarum
487 2375 653 2441 existentia
662 2396 721 2462 per
735 2376 969 2442 observationes
989 2374 1161 2441 clarissime
1175 2376 1423 2454 demonstrauit,

115 2487 174 2555 sed
187 2487 245 2553 hus
261 2486 365 2554 soldm
378 2510 512 2576 quarum
527 2487 651 2553 occulta
667 2499 716 2552 est
738 2499 771 2552 et
789 2485 865 2551 ficta
881 2487 1050 2552 existentia
1070 2484 1214 2551 nonddm
1231 2485 1309 2550 verb
1332 2505 1423 2549 com·

114 2597 259 2681 probata.
305 2597 453 2661 Gravitas
468 2617 546 2683 ergo
560 2594 696 2659 nouerit
709 2595 835 2659 occulta
845 2617 938 2662 musa
949 2608 1092 2661 motuum
1104 2596 1279 2660 coelestium
1290 2619 1300 2672 ς
1323 2594 1423 2682 siqui-

113 2705 189 2770 dem
212 2726 253 2768 ex
271 2703 491 2790 phoenomenis
514 2716 677 2770 ostensum
699 2714 757 2781 est,
780 2703 864 2768 hanc
885 2704 1034 2770 virtutem
1049 2703 1160 2770 reveri
1174 2705 1320 2770 existere.
1373 2703 1422 2770 Hi

114 2811 220 2897 potins
234 2810 276 2876 ad
298 2811 436 2876 occultas
451 2810 638 2900 conlirgiunt
657 2833 777 2891 causas,
801 2812 856 2899 qni
881 2812 989 2876 nescio
1012 2827 1098 2901 quos·
1107 2815 1253 2892 vortices,
1277 2812 1421 2881 materia

115 2917 279 3005 cujusdam
293 2918 424 3006 prorsuis
438 2919 558 2984 fictitiae
572 2934 605 2985 et
626 2919 769 2985 sensibus
784 2916 915 2985 omuinb
935 2918 1063 3010 ignotas,
1087 2921 1226 2987 motibus
1241 2921 1355 2987 iisdem
1370 2944 1421 2988 re·

115 3027 229 3117 gendis
238 3028 428 3116 praeficiunt
925 3006 930 3019 .

159 3136 281 3203 ldeone
295 3153 401 3204 autem
418 3138 556 3227 gravitas
575 3136 700 3202 occulta
714 3160 809 3207 causa
823 3137 956 3217 dicetur,
969 3161 1071 3227 eoque
1086 3140 1214 3205 nomine
1228 3141 1389 3228 rejiciatur
1402 3163 1422 3206 a

113 3243 325 3330 philosophiis,
349 3245 436 3332 quod
450 3267 543 3310 causa
557 3245 655 3332 ipsius
668 3245 832 3334 gravitatis
850 3245 975 3311 occulta
992 3262 1041 3311 est
1058 3261 1090 3313 et
1106 3248 1250 3314 nondum
1268 3246 1421 3316 inventa?

116 3354 184 3434 Qui
207 3355 252 3420 sic
276 3368 427 3436 statuunt,
450 3355 578 3421 videant
602 3356 721 3444 nequid
744 3369 884 3421 statuant
908 3356 1048 3436 absurdi,
1073 3359 1157 3424 unde
1177 3360 1274 3425 totius
1288 3361 1421 3427 tandem

59 3532 68 3553 ἢ
113 3461 323 3549 pbilosopbiae
335 3463 539 3529 fundamenta
548 3464 773 3530 convellantur.
820 3464 948 3532 Etenim
959 3488 1063 3531 causoe
1078 3467 1229 3534 continuo
1244 3464 1421 3556 nexu'pross

56 3586 59 3591 '
114 3573 227 3640 cedere
242 3574 346 3639 solent
359 3596 379 3638 a
393 3574 576 3661 compositis
591 3574 633 3640 ad
647 3572 858 3661 simpliciores
881 3576 937 3640 ubi
951 3577 993 3641 ad
1010 3598 1135 3642 cauum
1154 3579 1419 3664 simplicissimam

113 3685 304 3772 perveneris,
315 3687 382 3772 jam
398 3707 462 3749 non
477 3684 583 3750 licebit
598 3684 729 3750 ulteritis
744 3686 904 3776 progredi.
937 3685 1051 3751 Causoe
1066 3687 1163 3776 igitur
1178 3687 1423 3774 simplicissimo

114 3797 203 3863 nulls
220 3795 289 3861 dari
307 3807 415 3882 potest
433 3794 616 3860 mechanica
633 3794 820 3881 explicatio:
848 3795 874 3859 si
892 3793 1023 3861 darenu
1042 3797 1138 3875 enim,
1162 3820 1258 3863 causa
1274 3784 1420 3864 nondum

114 3917 198 3971 esset
211 3895 448 3989 simplicissima.
495 3902 567 3969 Has
581 3916 617 3969 tu
631 3903 765 3990 proinde
780 3926 890 3969 causas
909 3903 1153 3991 simplicissimas
1172 3906 1346 3993 appellabis
1365 3930 1421 3973 oo-

113 4017 224 4096 cultas,
240 4032 274 4082 et
287 4017 417 4083 exulare
426 4017 577 4104 jubebis?
601 4017 702 4108 Simul
718 4016 793 4082 verb
807 4017 983 4083 exulabunt
1004 4031 1037 4082 et
1050 4017 1091 4083 ab
1105 4019 1155 4083 bis
1170 4016 1319 4105 proximi
1340 4041 1421 4105 pen·

113 4125 225 4192 dmtes
239 4139 272 4193 et
285 4149 358 4215 qua>
372 4127 412 4192 ab
429 4125 491 4190 illis
505 4124 602 4212 porrb
619 4125 770 4211 pendent,
790 4125 984 4213 usquedum
999 4149 1020 4190 a
1039 4126 1140 4191 causis
1156 4125 1305 4191 omnibus
1319 4148 1422 4193 vacua

112 4236 208 4302 fuerit
221 4251 254 4303 et
266 4236 371 4323 probi
384 4248 521 4324 purgata
534 4233 746 4321 philosophia

158 4344 242 4411 Sunt
264 4346 319 4432 qui
336 4344 522 4433 gravitatem
538 4356 656 4428 praeter
681 4353 827 4407 naturam
849 4365 919 4408 esse
936 4343 1056 4421 dicunt,
1080 4354 1113 4407 et
1136 4341 1325 4409 miraculum
1346 4364 1423 4430 per·

57 4432 69 4455 s
112 4470 244 4543 petum
268 4471 392 4526 vocant.
441 4457 553 4544 ltaque
578 4453 781 4542 rejiciendam
803 4478 874 4521 esse
893 4454 1014 4532 volunt,
1039 4452 1112 4517 crim
1131 4453 1164 4517 in
1183 4451 1315 4543 physici
1336 4474 1422 4539 proe·

112 4563 321 4630 ternaturales
337 4587 441 4630 canate
455 4564 561 4630 locum
578 4585 645 4628 non
662 4562 809 4629 babeant.
856 4562 946 4629 Huic
963 4563 1081 4648 ineptae
1097 4584 1229 4648 prorsus
1249 4561 1422 4651 objectioni
