3098 5534
98 390 211 454 Lrsrs
223 389 387 471 Saeuum]
419 389 659 457 PRINCIPIA
683 390 1055 459 MATHEMATICA.
1320 397 1380 460 187

96 564 147 627 vel
164 573 203 628 10
217 562 257 626 ad
275 575 288 630 l
307 565 438 629 circiter.
485 563 549 630 Sed
566 565 779 649 experimento
792 565 890 650 priori
910 567 1009 651 m'agis
1024 564 1186 652 fidendum
1207 575 1263 641 est,
1283 584 1380 649 prop·

96 684 183 736 terea
196 673 283 758 quod
296 674 330 737 in
344 673 393 736 his
408 673 523 736 ultimis
537 695 592 736 vas
605 673 697 736 nimis
711 685 877 761 angustum
898 673 957 738 fiat
978 696 1038 758 pro
1058 673 1272 762 magnitudine
1293 672 1380 760 globi

95 778 242 843 immersi.
286 779 445 863 Ampliato
469 779 574 866 globo,
601 779 729 844 deberet
751 780 844 862 etiam
867 802 921 844 vas
949 780 1102 864 ampliari.
1147 779 1379 843 constitueram

94 885 221 971 quidem
245 884 424 970 hujusmodi
446 885 658 969 experimenta
678 886 712 948 in
730 887 811 949 vasis
830 886 1000 971 majoribus
1014 898 1046 950 et
1059 887 1093 949 in
1112 885 1285 971 liquoribus
1310 897 1377 949 uam

93 991 290 1055 metallorum
304 990 453 1067 summm,
476 1004 543 1054 tum
558 990 625 1054 aliis
639 991 825 1075 quibusdam
838 1005 903 1056 tam
916 993 1025 1057 calidis
1039 1015 1133 1079 quam
1147 992 1268 1079 frigidis
1287 1014 1377 1076 repe-

93 1109 177 1163 tere:
192 1098 248 1162 sed
262 1098 366 1160 omnia
380 1081 515 1182 experiri
532 1119 596 1161 non
610 1109 708 1175 vacat,
725 1109 758 1162 et
771 1119 811 1162 ex
821 1099 888 1182 jam
902 1098 1063 1182 descriptis
1077 1099 1152 1162 satis
1165 1098 1263 1183 liquet
1283 1098 1376 1177 resis-

93 1209 222 1274 tentiam
236 1230 402 1293 corporum
416 1208 557 1272 celeriter
570 1218 727 1272 motorum
740 1207 885 1272 densitati
899 1207 1067 1271 fluidorum
1080 1206 1235 1292 inquibus
1244 1228 1375 1270 moven-

93 1331 145 1383 tur
160 1317 424 1402 proportionalem
439 1339 506 1382 esse
521 1338 614 1403 quam
628 1315 780 1400 proxime.
819 1317 895 1380 Non
909 1316 981 1380 dico
996 1316 1149 1382 accierate.
1186 1315 1271 1382 Nam
1281 1315 1378 1382 fluida

94 1428 260 1504 tenaciora,
277 1427 522 1511 paridensitate,
537 1424 857 1513 proculdubiomagis
872 1426 1020 1491 resistunt
1033 1426 1128 1513 qusim
1141 1425 1318 1513 liquidiora,
1340 1435 1378 1489 ut

93 1536 198 1600 oleum
212 1536 360 1622 frigidum
379 1558 472 1621 quam
487 1534 632 1610 calidum,
657 1534 793 1598 calidum
808 1533 903 1620 quim
916 1558 997 1623 aqua
1010 1536 1163 1621 pluvialis,
1189 1558 1270 1621 aqua
1283 1532 1378 1621 quiam

93 1644 218 1727 spiritus
233 1643 305 1706 vini.
350 1642 469 1705 Verum
483 1641 516 1704 in
530 1641 711 1728 liquoribus,
735 1641 788 1727 qui
803 1639 844 1703 ad
863 1663 989 1707 sensum
999 1640 1077 1706 ‘satis
1090 1642 1180 1706 fluidi
1194 1654 1278 1719 sunt,
1294 1653 1330 1706 ut
1342 1642 1379 1706 in

92 1753 173 1826 aere,
189 1751 222 1812 in
237 1747 316 1834 aquai
332 1770 387 1812 seu
401 1747 485 1812 dulci
498 1770 554 1812 seu
568 1746 658 1824 salsi,
673 1748 707 1810 in
721 1747 878 1831 spiritibus
892 1749 965 1825 viui,
981 1748 1148 1813 terebinthi
1162 1761 1193 1812 et
1207 1749 1327 1827 salium,
1343 1749 1378 1813 in

92 1859 163 1921 oleo
177 1882 197 1920 a
209 1857 337 1922 faecibus
359 1879 416 1941 per
437 1856 670 1922 distillationem
684 1856 816 1922 liberato
830 1871 862 1921 et
876 1857 1033 1935 edessem,
1057 1859 1189 1944 oleoque
1209 1859 1325 1922 vitrioli
1345 1871 1383 1944 et

91 1970 255 2048 mercurio,
279 1991 316 2033 ac
329 1968 462 2034 metallis
476 1967 657 2054 liquefactis,
674 1968 747 2032 etsi
761 1970 815 2054 qui
830 1969 893 2033 sint
906 1969 968 2045 alii,
991 1968 1045 2054 qui
1059 1981 1124 2032 tam
1136 1968 1226 2032 fluidi
1246 1981 1321 2032 sunt
1334 1978 1378 2044 ut

92 2081 124 2142 in
139 2079 219 2143 vasis
233 2079 340 2165 agitati
354 2089 474 2141 motum
488 2079 673 2161 impressum
692 2076 808 2140 diutius
831 2087 1024 2152 conservent,
1048 2075 1199 2160 effimique
1217 2072 1385 2161 liberrime,

91 2186 124 2249 in
147 2198 250 2273 guttas
272 2185 468 2250 decurrendo
487 2186 691 2264 resolvantur,
718 2183 822 2248 nullus
844 2183 953 2247 dubito
974 2184 1049 2270 quin
1072 2184 1180 2271 regula
1194 2183 1287 2273 allata
1302 2185 1376 2249 satis

93 2297 235 2363 accurati
255 2299 409 2362 obtineat:
439 2297 611 2382 presertim
634 2296 660 2360 si
681 2294 894 2380 experimenta
916 2294 949 2356 in
969 2293 1153 2378 corporibus
1177 2292 1322 2377 pendulis
1344 2303 1377 2358 et

91 2408 260 2492 majoribus
275 2420 306 2472 et
316 2407 452 2471 velocius
466 2407 557 2470 motis
572 2406 780 2471 instituantur.
1379 2476 1380 2481 η

133 2515 280 2599 Denique
295 2510 366 2577 caim
381 2513 602 2576 nonnullorum
615 2512 722 2597 opinio
741 2513 789 2589 ait,
814 2512 953 2577 medium
977 2511 1135 2597 quoddam
1150 2511 1322 2578 aethereum
1343 2523 1376 2577 et

91 2621 183 2709 longe
194 2622 426 2685 subtilissimum
436 2633 552 2699 extare,
568 2621 653 2707 quod
662 2643 770 2685 omnes
782 2622 920 2686 omnium
931 2644 1098 2707 corpomm
1106 2645 1201 2709 poros
1212 2636 1244 2688 et
1254 2634 1374 2686 meatim

91 2727 248 2792 liberrime
269 2740 426 2813 permeet;
453 2751 472 2791 a
486 2727 540 2791 tali
554 2739 660 2791 autem
673 2727 777 2792 medio
791 2750 848 2812 per
863 2750 1030 2813 corporum
1043 2751 1138 2814 poros
1152 2731 1268 2794 fluente
1283 2728 1375 2792 resis-
1502 2736 1506 2747 '

91 2837 187 2900 tentia
200 2836 277 2901 oriri
290 2826 418 2900 debeat:
441 2848 476 2901 ut
496 2848 648 2900 tentarem
662 2858 703 2899 an
718 2837 899 2914 resistentia,
921 2860 1015 2923 quam
1029 2838 1062 2900 in
1076 2839 1168 2903 motis
1191 2839 1374 2924 corporibus

91 2945 279 3028 experimur,
304 2956 368 3007 tota
383 2944 424 3008 sit
437 2944 470 3006 in
484 2966 593 3008 eorum
607 2943 737 3008 externi
752 2943 925 3027 superficie,
948 2966 989 3006 an
1003 2966 1077 3008 vero
1091 2957 1195 3029 partes
1211 2947 1303 3010 etiam
1325 2945 1374 3008 in·

91 3066 189 3118 terme
203 3054 235 3117 in
250 3053 471 3137 superficiebus
485 3054 620 3138 propriis
634 3052 838 3116 resistentiam
853 3052 1022 3135 nutabilem
1036 3055 1181 3130 sentiant,
1197 3053 1374 3138 excogitavi

91 3161 337 3244 experimentum
353 3159 424 3224 tale.
469 3158 539 3222 Filo
560 3157 675 3243 padum
696 3157 841 3222 undecim
855 3158 1057 3244 longitudinis
1072 3160 1112 3223 ab
1127 3182 1209 3224 unco
1223 3159 1374 3245 chalybco
1396 3195 1400 3223 r

91 3269 164 3333 satis
178 3269 280 3346 firmo,
303 3268 461 3332 mediante
475 3267 592 3332 annulo
605 3267 766 3353 chalybeo,
788 3266 1015 3351 suspendebam
1036 3268 1185 3353 pyxidem
1209 3269 1373 3354 abiegnam

90 3375 267 3453 rotundam,
292 3375 333 3438 ad
354 3374 604 3439 constituendum
627 3373 799 3458 pendulum
824 3373 1026 3460 longitudinis
1045 3375 1214 3459 praedictae.
1261 3375 1372 3440 Uncus

92 3503 214 3546 sursum
228 3493 403 3567 praeacutus
419 3493 486 3545 erat
499 3482 565 3548 acie
579 3480 725 3558 concava,
751 3493 786 3544 ut
800 3480 933 3544 annulus
952 3503 1027 3545 arcu
1047 3504 1104 3546 suo
1122 3483 1281 3567 superiore
1295 3483 1373 3547 aciei

89 3589 223 3652 annixus
237 3587 393 3652 liberrime
407 3600 591 3651 moveretur.
636 3588 735 3651 Arcui
749 3600 852 3651 autem
872 3587 1010 3652 inferiori
1032 3592 1252 3656 annectebatur
1273 3592 1372 3659 filum.

91 3694 269 3760 Pendulum
283 3696 327 3760 ita
341 3695 543 3758 constitutum
558 3693 751 3759 deducebam
765 3718 784 3758 a
797 3695 1022 3779 perpendiculo
1036 3695 1077 3759 ad
1092 3697 1270 3764 distantiam
1284 3701 1373 3786 quasi

88 3811 205 3894 pedum
220 3833 288 3888 sex,
315 3810 408 3896 idque
416 3810 593 3876 secundum
606 3810 735 3894 planum
749 3810 826 3874 aciei
840 3810 913 3874 unci
927 3809 1196 3894 perpendiculare,
1218 3830 1259 3872 ne
1273 3829 1373 3873 annu·

90 3914 151 3993 lus,
174 3916 334 3980 oscillante
344 3915 493 4000 pendulo,
509 3938 604 4000 supra
618 3916 716 3980 aciem
731 3916 804 3980 unci
818 3916 901 3980 ultro
915 3916 1056 4003 citroque
1077 3916 1244 3980 laberetur.
1289 3913 1373 3978 Nam

89 4034 239 4105 punctum
254 4021 474 4106 suspensionis,
490 4021 522 4084 in
537 4045 600 4108 quo
615 4021 746 4085 annulum
756 4043 872 4085 uncum
883 4023 991 4110 tangit,
1007 4022 1170 4085 immotum
1181 4041 1307 4083 manere
1318 4019 1374 4112 deq

90 4129 152 4194 bet.
184 4131 306 4194 Locum
316 4130 410 4216 igitur
422 4130 564 4194 accurate
572 4132 729 4208 notabam,
745 4131 785 4195 ad
800 4154 893 4217 quem
902 4131 1094 4195 deduxerum
1102 4130 1284 4215 pendulum,
1300 4127 1374 4192 dein

89 4235 227 4319 pendulo
248 4236 383 4299 demisso
406 4237 553 4300 notabam
567 4238 628 4301 alia
641 4238 701 4302 tria
715 4237 784 4301 loca
798 4237 839 4301 ud
854 4260 924 4324 quae
938 4238 1061 4302 redibat
1074 4237 1107 4299 in
1122 4237 1186 4300 fine
1208 4235 1374 4300 oscillatio-

89 4345 137 4408 nis
152 4346 272 4430 primae,
288 4344 433 4408 secundae
448 4367 485 4408 ac
499 4346 611 4410 tertiae.
657 4345 733 4410 Hoc
747 4346 926 4430 repetebam
940 4347 1065 4430 saepius,
1082 4358 1117 4409 ut
1130 4343 1200 4406 loca
1213 4343 1266 4406 illu
1280 4365 1374 4428 quam

88 4452 177 4534 potui
201 4451 429 4514 accuratissime
451 4452 631 4517 invenirem.
676 4453 762 4516 Tum
786 4453 936 4540 pyxidem
960 4451 1093 4537 plumbo
1116 4462 1148 4513 et
1169 4449 1373 4536 gravioribus,

88 4582 160 4642 quae
174 4558 215 4620 ad
230 4581 340 4630 manus
354 4573 453 4636 erant,
469 4562 601 4625 metallis
616 4561 792 4646 implebam.
826 4561 889 4626 Sed
897 4561 984 4645 prius
998 4556 1211 4644 ponderabam
1226 4556 1375 4643 pyxidem

88 4685 228 4741 vacuam,
254 4663 316 4729 und
334 4687 406 4730 cum
422 4679 511 4750 parte
534 4669 579 4732 fili
601 4690 673 4755 quae
697 4670 813 4734 circum
834 4669 983 4754 pyxidem
1000 4666 1181 4733 volvebatur
1195 4689 1232 4731 ac
1247 4665 1375 4731 dimidio
