3098 5534
121 396 239 464 Lutra
250 398 421 478 Parnon]
467 395 709 463 PRINCIPIA
732 390 1108 463 MATHEMATlcn

643 566 820 632 LEMMA
843 563 902 631 IV.

135 719 211 784 Sita
224 719 460 804 drmbrufigaris
475 720 505 783 A
520 742 540 783 a
554 740 572 783 c
587 717 627 796 E,
647 717 673 782 P
688 739 709 802 p
725 741 741 781 r
755 716 797 795 T,
814 717 1018 781 imaribontur
1034 716 1089 803 (ut
1111 719 1217 805 irrfia)
1233 722 1300 782 daae
1309 722 1420 801 parol-

176 830 429 911 lelogrammomm
444 829 543 902 series,
559 828 656 908 sitque
671 826 749 887 idem
763 823 912 886 ambonem
923 845 1071 902 numento,
1087 835 1117 887 et
1131 826 1183 888 ubi
1196 827 1372 888 latitudines
1387 829 1419 888 ln

161 926 164 936 ⁴
179 934 324 1017 irpinitum
339 935 558 1010 diminuuntur,
573 933 708 995 rationes
716 931 829 993 ultima
837 932 1187 1014 parallelogrammomm
1198 933 1231 993 in
1245 931 1420 1016 untifigard

183 1044 220 1105 ad
234 1044 525 1125 parallelogramma
548 1042 581 1102 in
595 1037 706 1114 alterii,
728 1038 911 1120 singolorum
925 1039 969 1098 ad
983 1038 1308 1121 omniumomniuni
1318 1073 1330 1110 ,·
1354 1041 1421 1100 dico
1489 1122 1490 1127 ἵ

186 1152 381 1235 prodstgurae
395 1151 463 1213 duta
477 1148 508 1212 A
520 1171 539 1211 a
553 1147 620 1226 aE,
637 1144 665 1210 P
680 1144 780 1229 prT,
794 1148 915 1210 suntad
924 1148 1047 1212 invicem
1059 1149 1093 1210 in
1103 1145 1205 1212 eodem
1220 1146 1276 1215 illd
1290 1149 1419 1211 ratione.

194 2586 307 2652 Etenim
320 2599 357 2651 ut
370 2595 445 2649 sunt
458 2582 750 2671 parallelogramma
771 2585 896 2675 singula
910 2584 951 2651 ad
966 2583 1097 2674 singula,
1121 2584 1166 2650 ita
1181 2583 1424 2671 (componendo)

163 2691 309 2759 asumma
330 2692 468 2757 omnium
492 2690 532 2754 ad
554 2712 708 2755 summam
723 2695 873 2772 omnium,
896 2696 985 2759 etita
999 2695 1101 2781 figura
1114 2694 1156 2757 ad
1170 2694 1321 2779 figuram3
1344 2693 1426 2756 exis-

160 2816 223 2870 tene
243 2806 390 2869 nimirum
412 2799 513 2889 figuti
535 2800 640 2884 priore
655 2806 725 2886 (per
741 2803 874 2867 Lemma
892 2804 969 2884 111.)
992 2804 1032 2866 ad
1053 2825 1206 2866 summam
1224 2803 1372 2886 priorem,
1395 2814 1427 2863 at

158 2906 240 2996 figaria
254 2909 427 2997 posteriore
442 2906 482 2969 ad
498 2926 649 2969 summam
663 2909 868 2990 posteriorem
884 2908 916 2970 in
932 2909 1051 2971 ratione
1065 2907 1258 2991 oequalitatis.
1297 2904 1339 2980 Q.
1356 2928 1381 2968 e.
1394 2904 1425 2968 d.

186 3021 279 3084 carol.
304 3014 394 3081 Hinc
408 3014 435 3078 si
449 3013 521 3076 duae
537 3013 748 3100 cujuscunque
763 3016 889 3102 generis
905 3016 1132 3102 quantitatesin
1142 3013 1276 3077 eundem
1290 3013 1426 3096 partium
1508 3040 1513 3060 ·-

152 3145 300 3192 numerum
329 3135 490 3208 utcunque
521 3120 701 3186 dividantur
708 3145 717 3199 3
749 3136 781 3187 et
809 3136 915 3209 partes
944 3124 1017 3201 illae,
1055 3123 1109 3187 ubi
1142 3145 1290 3186 numerus
1319 3144 1427 3185 earum

149 3251 265 3326 augetur
279 3248 312 3299 et
326 3230 512 3319 magnitudo
527 3230 710 3295 diminuitur
724 3233 758 3295 in
772 3232 943 3311 infinitum,
967 3234 1069 3298 datam
1093 3233 1254 3298 obtineant
1275 3234 1426 3296 rationem

146 3344 179 3408 ad
195 3346 341 3421 invicem,
367 3342 471 3427 prima
496 3340 537 3404 ad
562 3341 707 3423 primam,
736 3343 874 3407 secunda
899 3343 940 3406 ad
963 3344 1140 3420 secundam,
1166 3356 1348 3428 caeteraeque
1370 3364 1428 3404 suo

144 3455 243 3519 ordine
266 3453 309 3517 ad
331 3466 478 3515 ooeteras:
506 3463 599 3514 erunt
613 3461 679 3514 tota
708 3451 749 3515 ad
775 3453 909 3517 invicem
930 3454 964 3517 in
985 3453 1099 3520 eidem.
1120 3453 1172 3517 illi
1199 3453 1270 3517 dati
1297 3453 1430 3516 ratione:

143 3561 217 3625 Nam
233 3561 261 3624 si
276 3561 310 3623 in
327 3557 498 3621 Lemmatis
513 3556 606 3640 hujus
620 3557 731 3644 figuris
746 3572 910 3624 sumantur
923 3558 1215 3647 parallelogramma
1235 3561 1316 3622 inter
1337 3580 1371 3620 se
1393 3569 1428 3620 ut

140 3711 240 3773 pompari
257 3718 336 3772 potest
349 3724 391 3770 pro
410 3709 629 3771 parallelogrammo
650 3710 673 3757 A
690 3708 707 3765 1,
727 3720 768 3758 aut
800 3711 1003 3774 hicoyiiodruaait
1013 3713 1185 3771 infinitoaimua,
1196 3711 1428 3776 parapemenos

138 3778 203 3823 eom
214 3790 258 3837 pro
269 3773 349 3837 figuti
362 3775 383 3820 A
399 3774 420 3820 B
431 3775 448 3819 b
458 3788 479 3824 ι,
496 3775 541 3820 hoc
551 3782 594 3828 est,
605 3787 648 3834 pro
658 3773 768 3822 differan-
803 3776 838 3836 1.)
855 3778 963 3824 ultimam
979 3780 1092 3825 rationem
1103 3779 1172 3825 solidi
1189 3794 1218 3824 ex
1229 3775 1340 3838 cylindris
1350 3773 1427 3821 omni-

138 3842 284 3887 tinmrum
295 3837 477 3886 currilinoarum
491 3838 514 3882 A
531 3838 608 3892 an,
623 3837 645 3882 B
658 3836 680 3882 Ε
692 3851 705 3884 c
716 3839 740 3885 b·
800 3842 844 3887 bus
862 3841 983 3901 compositi
999 3841 1030 3888 ad
1048 3842 1148 3890 solidum
1165 3856 1194 3889 ex
1213 3842 1327 3888 rotatione
1346 3838 1428 3900 figura
1513 3856 1519 3876 ι

168 3909 220 3952 108.
245 3902 336 3951 Exhia
351 3902 456 3963 sequitur
469 3899 571 3946 diversos
586 3900 768 3948 eaaainfiniraai·
801 3904 934 3951 currilineae
957 3907 981 3951 A
1000 3906 1022 3952 Ε
1040 3921 1053 3953 o
1068 3921 1090 3962 a,
1112 3906 1221 3968 genitum
1242 3919 1292 3951 aare
1312 3903 1427 3950 rationum

139 3982 228 4017 morum
239 3966 351 4023 ordinm
368 3980 423 4011 narn
434 3974 553 4010 ostensum
565 3974 600 4011 est
611 3967 681 4028 (107)
694 3965 768 4024 paral·
801 3968 945 4029 aqualitatia.

141 4032 319 4096 blogmnmum
334 4029 387 4085 ΙΙΙ,
404 4027 581 4075 infinitnimum
598 4044 647 4074 aare
663 4037 769 4088 respectu
834 4032 870 4094 (¹¹)
890 4037 942 4080 llo.
973 4032 1035 4080 Nam
1046 4033 1065 4080 si
1077 4032 1224 4096 singulorum
1240 4029 1428 4093 parallelogram.

140 4094 351 4157 parallelogrammi
372 4096 393 4139 A
406 4094 430 4146 b,
449 4092 494 4138 boa
510 4090 565 4139 vero
581 4091 770 4154 parallelogram-
802 4110 895 4142 morum
906 4095 1006 4143 latitudo
1012 4097 1109 4160 aqualia
1120 4109 1179 4144 esset
1190 4097 1258 4143 linaae
1272 4098 1293 4142 A
1309 4095 1334 4147 1²,
1347 4095 1429 4156 figura

139 4156 770 4217 mummfiniteaimumeaaerarpeatuarencurvilineae
802 4159 947 4219 inscriptam
955 4160 1223 4222 figuraecircumacriptae
1231 4157 1362 4208 differentia
1370 4158 1430 4205 soret

142 4225 256 4272 Alica.
802 4223 1106 4286 parallelogmmmumAi',
1119 4225 1199 4288 (Lem.
1216 4223 1282 4283 11·);
1294 4221 1348 4269 edm
1358 4223 1430 4283 igitur

170 4294 222 4338 toa.
235 4287 328 4350 Figura
340 4285 363 4332 A
376 4285 400 4332 E
411 4299 424 4331 c
435 4299 456 4339 a,
468 4286 608 4332 circanam
619 4299 690 4332 auum
704 4284 726 4331 A
738 4285 769 4339 E,
802 4286 949 4348 singulorum
960 4289 1231 4351 parallelogrammorum
1242 4286 1341 4334 latitudo
1352 4287 1429 4332 minor

140 4354 277 4408 revolvatur,
295 4359 320 4396 et
330 4349 441 4412 quelibet
456 4349 563 4397 ordinata
582 4351 639 4405 Aa,
653 4349 711 4406 Bb,
728 4347 769 4395 da·
802 4350 831 4396 sit
842 4351 964 4398 latitudine
977 4354 1000 4398 A
1012 4352 1040 4408 F,
1053 4355 1092 4415 (ax
1101 4352 1170 4413 hyp)
1181 4352 1290 4411 prodicta
1302 4350 1430 4413 figurarum

141 4417 218 4465 nitet
227 4415 357 4468 circulum,
373 4413 442 4475 eujus
451 4424 494 4468 ast,
505 4414 612 4460 ordinata
622 4414 673 4473 ipra
683 4412 769 4470 radius,
803 4413 934 4462 differentia
952 4415 1029 4463 minor
1047 4430 1141 4478 quoque
1159 4425 1194 4463 eat
1213 4415 1430 4478 parallelogramma

143 4480 257 4540 quodlibet
268 4477 434 4539 nctangulum
445 4492 584 4523 manmena
594 4490 622 4523 ut
635 4477 660 4523 K
670 4477 700 4533 B,
712 4492 727 4523 ι
739 4477 769 4529 B.
805 4480 828 4524 A
840 4479 857 4524 i.

143 4544 250 4592 &aba
257 4543 394 4604 cylindrum
403 4552 584 4594 manammtmn.
595 4552 619 4587 ct
626 4540 770 4602 roctangula
836 4541 873 4604 (⁰)
888 4547 911 4590 11
920 4547 942 4589 l·
964 4542 1090 4603 Propterea
1100 4544 1137 4589 ba·
1148 4543 1231 4606 figurae
1241 4544 1332 4592 ultimae
1344 4541 1431 4606 (quoad

146 4604 189 4661 at.
203 4609 226 4656 L
235 4622 270 4663 ιιι,
284 4606 314 4653 Μ
324 4619 350 4662 ιι,
361 4604 418 4662 Do,
429 4604 661 4668 ainguiadaacribant
671 4605 772 4652 annulos
803 4606 938 4665 perimetros
948 4622 962 4653 a
972 4622 986 4653 c
998 4606 1033 4668 E)
1054 4622 1102 4653 non
1112 4619 1168 4655 rum
1178 4608 1312 4666 rectilinea,
1329 4624 1371 4654 san
1385 4621 1433 4651 non

145 4671 228 4729 nidor,
245 4684 352 4734 qaanrm
363 4682 456 4715 namma
465 4668 562 4730 aqualis
571 4671 616 4717 urit
625 4668 731 4730 cylindro
742 4684 771 4716 ex
803 4680 859 4717 runt
869 4685 897 4716 en
909 4670 1018 4718 lateribus
1028 4671 1096 4718 raetis
1128 4687 1261 4735 uocumque
1272 4686 1370 4720 numero
1381 4669 1432 4715 fini-

147 4736 252 4784 mione
261 4732 398 4796 maguti
410 4735 432 4780 A
444 4732 453 4780 l
464 4732 588 4794 deacnpto·
624 4734 704 4790 Quare
714 4749 770 4781 cum
803 4743 829 4782 to
839 4735 982 4797 composita,
999 4733 1040 4783 aad
1050 4746 1106 4784 aunt
1151 4752 1245 4785 uratum
1263 4737 1434 4786 rectilinearum
