3098 5534
127 379 192 439 rec
429 354 778 439 ,rumosopfflffl
801 353 1073 425 NATURALIS
1138 352 1249 447 gum.
1262 354 1407 429 Οοιεοι

364 734 652 806 PROPOSITIO
683 732 813 799 XVIII.
837 727 1096 795 PROBLEMA
1118 726 1164 792 X.

125 936 219 999 Dotis
232 931 367 996 umbilico
386 938 415 991 et
429 927 532 989 oribees
546 921 765 1006 principalibus
785 917 944 982 decmbere
951 913 1136 1000 trerjectorioc
1154 915 1340 998 ellipticoset
1353 916 1404 1000 ty-

162 1040 339 1122 perboiieos,
354 1054 420 1119 poce
433 1030 599 1096 transibam
607 1048 666 1110 per
676 1033 787 1107 porreto
803 1025 886 1100 doto,
907 1030 937 1085 et
960 1029 1056 1084 rectos
1064 1020 1213 1102 positione
1227 1021 1319 1083 detor
1338 1040 1404 1082 eon·

167 1146 295 1228 tingeret.

170 1340 219 1405 sit
234 1337 257 1401 S
271 1328 442 1398 communis
457 1322 619 1389 umbilicus
642 1318 812 1405 figuranrm
821 1337 831 1390 ς
854 1313 885 1383 Α
901 1312 930 1377 Β
950 1308 1114 1398 longitudo
1135 1309 1202 1373 axis
1222 1306 1404 1394 principii.

126 1442 309 1529 trajectoriee
331 1433 463 1522 cujusvis
473 1455 483 1508 ;
506 1429 697 1513 Ppunctum
711 1441 769 1506 per
783 1417 868 1506 quod
889 1416 1069 1504 trajectoria
1082 1415 1176 1480 debet
1195 1415 1348 1491 transire3
1371 1424 1403 1477 et

121 1551 153 1614 T
176 1552 207 1614 R
221 1560 305 1611 recta
319 1563 411 1629 quam
426 1537 520 1602 debet
541 1548 677 1619 tangere.
711 1540 1371 1604 Af---..-..........

123 1657 241 1721 Centro
259 1653 286 1716 P
300 1645 464 1714 intervallo
480 1643 512 1707 A
527 1641 623 1705 B-S
639 1639 678 1718 P,
989 1672 1038 1747 ,P
1283 1707 1302 1743 .
1313 1595 1386 1759 PB

122 1760 149 1821 si
171 1757 271 1821 orbita
285 1755 325 1818 sit
339 1749 463 1834 ellipsis,
478 1742 528 1808 vel
543 1744 574 1807 A
591 1742 619 1806 B
639 1751 672 1816 -Ι-
752 1700 941 1966 {AB

123 1863 197 1942 SP,
214 1862 240 1927 si
254 1883 291 1925 ea
305 1858 345 1922 sit
358 1849 539 1941 hyperbole,
561 1847 706 1935 ‹deseri-t>
1302 1847 1352 1966 Ha
1374 1851 1382 1868 ·

120 1967 213 2030 betur
239 1960 371 2026 circulus
401 1954 498 2080 HG.
541 1951 594 2015 Ad
609 1969 677 2014 tan·
783 1968 800 2023 t
887 1994 891 2007 ,
1350 1870 1376 2062 V

661 2099 677 2113 ⁸
1311 2115 1328 2149 s
1338 2139 1346 2163 .-

123 2280 207 2344 idem
221 2277 262 2341 ad
276 2276 316 2353 V,
333 2286 368 2338 ut
378 2272 418 2336 sit
432 2271 465 2336 T
487 2270 516 2331 V
540 2268 667 2355 aequalia

124 2387 147 2453 S
163 2386 213 2464 T,
238 2398 407 2470 centroque
432 2386 463 2452 V
485 2405 517 2450 et
539 2383 702 2449 intervallo
717 2385 747 2449 A
765 2383 793 2447 Β
817 2383 1011 2448 describatur
1035 2384 1169 2450 circulus
1195 2385 1286 2452 ΕΗ.
1334 2387 1407 2453 Hic

122 2494 272 2560 methodo
286 2494 351 2557 rive
365 2493 479 2557 dentur
493 2492 559 2557 duo
574 2505 690 2577 puncta
705 2492 743 2570 P,
759 2513 792 2576 p,
816 2493 880 2557 sive
894 2492 966 2557 duee
981 2506 1143 2582 tangentes
1158 2495 1190 2560 T
1206 2496 1247 2574 R,
1264 2509 1319 2576 tr,
1341 2499 1406 2564 eive

121 2613 273 2687 punctum
289 2600 317 2665 P
331 2611 363 2664 et
376 2613 507 2688 tangens
524 2599 556 2664 T
571 2600 612 2678 R,
628 2598 824 2663 describendi
839 2614 911 2664 sunt
925 2601 1032 2665 circuli
1047 2601 1121 2666 duo.
1166 2603 1214 2668 Sit
1237 2603 1275 2669 H
1296 2626 1405 2671 eorum

122 2709 300 2775 intersectio
314 2708 497 2785 communio,
520 2720 552 2771 et
566 2706 719 2770 umbilicis
736 2707 769 2785 S,
787 2706 834 2784 H,
857 2730 916 2772 axe
932 2708 985 2772 illo
1000 2709 1074 2774 dato
1088 2709 1281 2776 describatur
1295 2694 1414 2798 trejeo'

122 2816 212 2882 toria.
257 2815 342 2880 Dico
355 2815 480 2880 fuctum.
526 2815 609 2888 Nam
623 2814 797 2899 trajectoria
811 2815 967 2900 descripta
982 2821 1033 2900 (eo
1048 2816 1132 2902 quod
1148 2817 1225 2882 PH
1242 2829 1275 2894 ·i·
1290 2820 1315 2886 S
1331 2820 1359 2893 P
1372 2822 1404 2885 in

122 2922 234 3006 ellipsi,
251 2935 284 2986 et
296 2922 322 2985 P
335 2922 373 2986 H
383 2922 460 2989 -S
474 2921 500 2987 P
511 2921 544 2987 in
555 2921 727 3007 hyperbole
737 2935 878 3007 aequatur
892 2923 956 3004 axi)
973 2922 1117 2988 transibit
1130 2945 1189 3007 per
1201 2937 1355 3009 punctum
1367 2926 1403 3004 P,

123 3043 156 3095 et
170 3034 241 3113 (per
256 3029 388 3093 mura
402 3027 557 3113 superius)
580 3040 687 3114 tanget
708 3041 824 3092 rectum
840 3028 871 3092 T
888 3030 928 3092 R.
974 3029 1016 3094 Et
1030 3028 1141 3093 eodem
1155 3043 1343 3117 argumento
1356 3032 1404 3100 vel

123 3136 267 3202 transibit
281 3136 389 3201 eadem
403 3158 461 3221 per
474 3149 591 3222 puncta
604 3136 669 3200 duo
692 3136 729 3213 P,
746 3159 777 3222 p,
805 3136 854 3201 vel
879 3150 986 3226 tanget
1010 3150 1110 3204 rectas
1135 3139 1223 3209 duos.
1236 3141 1269 3206 T
1286 3142 1328 3222 R,
1350 3153 1401 3210 tr.

124 3245 303 3331 &Qut

347 3508 636 3576 Puoposmo
651 3510 749 3575 XIX.
814 3510 1072 3577 PROBLEMA
1095 3511 1158 3576 XI.

120 3673 208 3736 Circo
224 3673 323 3734 dotum
338 3672 499 3734 umbilicum
514 3671 711 3755 trajectarum
714 3674 919 3755 parabolicum
934 3675 1103 3752 describere,
1116 3694 1180 3758 quae
1192 3672 1333 3737 transibit
1341 3694 1398 3756 per

365 3787 479 3860 puncto
494 3781 576 3854 doto,
588 3789 617 3842 et
628 3788 720 3842 rector
728 3782 877 3862 positione
892 3783 979 3845 dotus
987 3782 1141 3865 continget.

161 3945 208 4009 sit
224 3944 247 4006 S
261 3943 434 4021 umbilicus,
451 3941 479 4006 P
503 3955 652 4028 punctum
667 3956 697 4008 et
713 3945 744 4009 T
759 3945 790 4008 R
815 3957 945 4032 tangens
965 3943 1149 4029 trajectorioe
1176 3941 1401 4008 describendae.

118 4049 235 4113 Contro
251 4048 279 4115 P
293 4048 453 4112 intervallo
469 4048 531 4112 PS
545 4048 684 4113 describe
699 4050 848 4114 circulum
863 4049 891 4114 F
903 4051 945 4115 G.
990 4051 1042 4115 Ab
1057 4049 1203 4113 umbilico
1218 4048 1258 4112 ad
1269 4060 1403 4136 tangen-

116 4169 178 4216 tem
192 4156 318 4220 demitte
332 4154 617 4238 perpendicularem
634 4155 709 4232 ST,
719 4167 750 4218 et
763 4156 882 4239 produc
896 4179 965 4220 eom
980 4155 1020 4219 ad
1031 4157 1071 4230 V,
1089 4168 1124 4219 ut
1133 4155 1173 4219 sit
1187 4154 1257 4219 TV
1272 4153 1405 4239 equalis

117 4259 140 4322 S
155 4260 194 4322 T.
241 4261 360 4324 Eodem
375 4259 469 4323 modb
483 4260 704 4323 describendus
719 4273 766 4325 est
779 4259 856 4326 ulter
881 4263 1012 4325 circulus
1024 4262 1074 4348 ig,
1102 4262 1127 4324 ai
1150 4260 1241 4324 datur
1268 4261 1402 4325 alterum

117 4377 266 4447 punctum
285 4389 306 4449 p
315 4391 326 4441 ;
347 4365 395 4431 vel
419 4365 635 4430 inveniendum
652 4365 782 4431 alterum
803 4381 953 4450 punctum
968 4390 996 4444 r,
1013 4367 1038 4428 si
1052 4366 1144 4430 datur
1158 4367 1254 4432 ultera
1268 4378 1404 4454 turgent

150 4578 165 4607 0
198 4574 245 4636 (¹)
262 4575 411 4624 Siorbiurit
430 4575 698 4639 Hypani-,socom
730 4576 1191 4641 aitiorechISuitnSproducti.
