3098 5534
165 377 229 434 868
476 367 818 436 PHILOSOPHIAE
839 369 1111 437 NATURALIS
1175 369 1283 450 [Mor.
1299 371 1448 439 ennaea.

164 539 230 603 sive
245 539 377 623 simplex
391 539 525 624 sphaera
539 541 629 605 unius
643 543 677 604 in
691 541 830 620 alterurn,
843 543 907 606 sive
917 555 1025 607 mutua
1034 543 1193 629 utriusque
1207 541 1240 607 iu
1254 565 1289 608 se
1302 543 1448 622 invicem,

162 649 222 712 erit
237 661 272 712 ut
286 648 433 713 distantia
446 661 625 713 centrorum
638 671 660 734 p
677 652 710 714 S.
756 650 799 726 Q.
815 674 843 714 c.
858 650 889 714 d.

281 937 565 1005 PROPOSITIO
586 937 785 1004 LXXVIII.
831 935 1100 1003 THEOREMA
1123 935 1327 1003 XXXVIII.

161 1116 197 1182 st
210 1118 333 1201 sphaerae
347 1120 381 1182 in
392 1139 548 1204 progressa
561 1142 582 1183 a
596 1130 695 1184 centro
708 1120 751 1183 ad
763 1120 1025 1204 ciraanserentiam
1038 1119 1098 1182 sint
1108 1127 1248 1200 rstamqroe
1256 1119 1448 1185 dissimilares

206 1237 233 1292 et
248 1227 449 1312 inoeqaabiles,
464 1230 497 1293 ia
506 1250 663 1314 progressa
676 1249 746 1294 aero
752 1249 812 1311 per
824 1228 976 1292 arantum
989 1228 1033 1288 ad
1052 1228 1154 1288 datam
1175 1245 1283 1288 aanor
1304 1248 1325 1289 a
1344 1237 1446 1291 ceraso

204 1335 378 1397 distantiam
391 1336 453 1398 sint
465 1336 597 1419 undique
608 1336 778 1406 similares,·
801 1344 829 1396 et
846 1337 890 1396 vis
908 1332 1070 1395 attractiva
1087 1332 1193 1412 prascti
1211 1331 1345 1414 cujusque
1362 1333 1402 1393 sit
1411 1347 1446 1400 aa

205 1438 350 1502 distantia
365 1442 495 1523 corporis
508 1442 651 1504 macti.-
674 1442 739 1503 dico
753 1442 831 1523 qaod
843 1441 887 1502 nis
900 1447 963 1501 tota
978 1435 1036 1520 qud
1057 1434 1219 1517 hry'asmodi
1236 1438 1360 1518 sploeroe
1380 1440 1448 1500 dtrae

204 1566 235 1608 se
249 1556 346 1609 statuo
360 1547 483 1610 trallunt
496 1548 536 1610 sit
543 1548 780 1630 proportionalis
794 1546 946 1609 distants'ae
960 1546 1039 1607 inter
1052 1553 1152 1606 centra
1166 1544 1357 1625 sphaerarum.

204 1736 448 1803 Demonstratur
462 1761 503 1803 ex
518 1736 735 1828 Propositione
748 1737 944 1824 praecedente
958 1735 1069 1802 codem
1077 1736 1183 1814 modo,
1196 1759 1259 1823 quo
1270 1735 1448 1822 Propositro

163 1842 327 1912 LXXVI.
344 1869 384 1911 ex
400 1847 620 1932 Propositione
635 1846 776 1913 LXXV.
792 1844 1002 1911 demonstrata
1016 1844 1083 1908 fuit.
1107 1845 1147 1929 (§)

206 1954 305 2016 Corol.
329 1954 412 2028 Quoe
427 1955 569 2037 superius
583 1955 616 2017 in
633 1954 901 2038 Propositionibus
917 1953 962 2016 X.
985 1966 1016 2017 at
1031 1952 1157 2017 LXIV.
1179 1951 1219 2015 de
1233 1968 1321 2015 motu
1336 1974 1449 2037 corpo-

161 2082 232 2125 rum
247 2062 330 2126 circa
344 2077 451 2127 cantra
464 2064 641 2128 conicarum
663 2064 835 2129 sectionum
858 2063 1069 2127 demonstrata
1091 2075 1173 2139 sunt,
1199 2062 1302 2126 valent
1324 2062 1378 2124 ubi
1402 2073 1449 2125 at·

161 2168 329 2234 tractiones
345 2192 453 2234 omnes
468 2170 547 2236 liunt
562 2171 592 2233 vi
607 2192 774 2257 corpomm
789 2169 1013 2256 ephesinorum
1026 2168 1214 2233 conditionis
1229 2170 1297 2254 jani
1311 2168 1448 2253 descrip-

160 2287 213 2356 ta‘,
229 2290 261 2343 et
275 2290 405 2344 attracta
418 2300 551 2364 corpora
565 2292 638 2345 sunt
652 2279 784 2364 sphoerae
799 2278 985 2343 conditionis
1000 2277 1147 2365 ejusdem.

722 2553 875 2620 &tatum

203 2742 436 2809 Attractionum
451 2766 540 2809 casus
554 2743 633 2808 duos
649 2743 832 2832 insigniores
848 2744 916 2830 jam
931 2742 1005 2808 dedi
1025 2742 1182 2828 expositos
1191 2765 1202 2820 3
1223 2741 1370 2807 nimimm
1393 2743 1447 2808 ubi

163 2849 242 2914 vires
257 2851 436 2934 centripetae
451 2851 633 2915 decrescunt
647 2851 679 2913 in
693 2849 850 2936 duplicati
866 2850 1080 2915 distantiarum
1095 2849 1223 2927 ratione,
1239 2849 1288 2914 vel
1302 2870 1447 2915 crescunt

156 2958 191 3022 in
205 2958 421 3024 distantiarum
436 2962 554 3025 ratione
578 2960 731 3045 siurplici3
754 2960 920 3026 efficientes
944 2960 976 3023 in
1001 2973 1134 3045 utroque
1159 2980 1231 3021 casu
1254 2969 1290 3022 ut
1312 2981 1447 3046 corpora

155 3081 308 3156 gyrentur
322 3069 353 3133 in
374 3071 489 3134 conicis
511 3071 709 3149 sectionibus,
735 3085 767 3134 et
789 3082 1010 3156 componentes
1031 3091 1198 3152 corporum
1221 3068 1445 3153 sphaericorum

157 3174 239 3239 vires
255 3176 440 3260 centripetas
456 3176 566 3240 eidem
581 3177 659 3264 lege,
685 3179 718 3240 in
741 3199 865 3241 recessu
879 3199 898 3239 a
913 3189 1030 3252 centro,
1055 3176 1267 3239 decrescentes
1290 3175 1338 3239 sel
1363 3198 1445 3239 cres·

156 3294 349 3346 cencessum
363 3282 489 3367 seipsis:
518 3283 614 3359 Quod
634 3297 681 3348 est
702 3295 810 3347 notatu
825 3284 964 3371 dignum.
1010 3284 1108 3347 Casus
1132 3295 1270 3359 caeteros,
1292 3283 1345 3368 qui
1369 3306 1445 3347 con·

155 3387 309 3453 clusiones
324 3390 425 3454 miuus
451 3390 607 3477 elegantes
633 3390 791 3470 exhibent,
819 3391 976 3479 sigillatim
999 3391 1180 3474 percurrere
1202 3391 1331 3477 longum
1353 3405 1444 3455 esset.

157 3493 274 3560 MalIm
289 3513 417 3563 cunctos
432 3497 581 3563 methodo
594 3499 734 3587 generali
748 3499 840 3565 simul
855 3498 1118 3584 comprehendere
1132 3521 1168 3562 ac
1187 3498 1395 3564 determinare
1411 3514 1445 3564 ut

155 3620 303 3692 sequitu.

190 3817 231 3880 (ς)
250 3817 313 3872 Qua
322 3817 347 3864 in
361 3818 492 3867 Corollariis
505 3819 575 3882 Prop.
588 3823 628 3870 76.
645 3821 686 3869 uhi
701 3830 784 3869 attrac-
815 3821 883 3868 trices
893 3821 1036 3883 singularum
1055 3821 1078 3867 in
1095 3821 1200 3884 singulas
1217 3831 1286 3869 emat
1303 3833 1330 3870 ut
1348 3825 1445 3885 aphram

157 3878 193 3926 tlo
202 3882 299 3940 sphera
310 3881 388 3928 vershs
398 3883 510 3943 spheram
521 3895 569 3932 erat
579 3885 691 3960 quadrato
698 3886 773 3933 diataa
815 3887 932 3932 hahentes
942 3896 965 3931 ct
981 3885 1094 3931 distantia
1110 3888 1170 3932 inter
1187 3897 1265 3933 centra
1282 3887 1424 3950 conjunctim
1434 3908 1442 3947 ;

157 3944 198 3991 ria
210 3954 343 3991 oeatrorum
359 3947 476 4006 reciproci
491 3949 671 4008 proportionalia
689 3949 785 3996 demon-
817 3950 963 3996 attractiones
973 3948 1027 3996 verd
1038 3951 1145 3996 matrices
1155 3960 1182 3997 ut
1198 3952 1292 4010 sphera
1303 3953 1442 3999 attrahentes

156 4016 228 4055 atrata
251 4017 312 4065 arnt,
335 4025 370 4066 aa,
391 4011 487 4057 mutatis
507 4012 631 4066 mutandis.
654 4013 684 4059 ad
706 4027 786 4061 canum
817 4013 1182 4060 emmerammenses
1197 4025 1276 4060 centra
1291 4016 1442 4077 conjunctim,

156 4072 230 4134 hirjua
243 4070 409 4132 Prqrasitioais
421 4079 458 4121 ta.
469 4076 588 4122 mandari
600 4086 703 4135 poemat.
739 4078 784 4124 Ni·
815 4077 943 4138 cadentque
953 4077 1030 4123 valent
1048 4078 1088 4124 ubi
1105 4079 1209 4124 attractio
1226 4078 1300 4124 oritur
1317 4096 1330 4126 a
1347 4080 1442 4139 spmw

154 4136 242 4248 m
252 4136 276 4247 Σ
283 4137 504 4261 epnmaoodiusplma
515 4139 644 4213 complures
656 4156 697 4200 per
706 4142 786 4250 orlnnia
815 4141 1040 4251 uwappnute
1061 4142 1178 4190 attractivi
1197 4141 1280 4190 munio
1299 4145 1399 4192 exemti
1417 4147 1441 4190 in

318 4217 334 4249 u
509 4213 657 4252 attractam
673 4219 785 4253 actua
816 4221 843 4266 ap
974 4220 1044 4252 cram.
