3098 5534
123 418 242 487 urm
259 417 423 502 namot]
471 402 711 487 rumorem
733 414 1105 489 murnumnmct.
1159 496 1161 512 ,
1354 432 1417 490 nn

169 597 292 681 quotvis
305 598 339 659 in
353 605 429 659 rotet
437 593 599 678 peiimetm
613 596 724 674 dutum,
740 617 778 660 eae
797 617 854 680 quo
871 598 989 684 globum
1010 599 1118 682 tetigit,
1141 597 1274 684 conficit,
1299 598 1359 662 erit
1378 601 1422 663 cd

170 709 351 790 duplicatum
364 708 459 769 sinum
474 727 586 770 nermm
602 726 688 770 arcus
702 707 823 770 dimidii
835 709 889 790 qui
906 707 1024 792 globum
1046 717 1108 771 toto
1125 708 1179 770 hoc
1193 715 1320 790 tempore
1341 708 1421 773 t'nter

130 880 134 896 ,
173 817 299 877 eundum
313 814 425 896 tetigit,
438 821 471 875 ut
485 811 656 899 differentia
670 812 878 877 diametrorum
888 815 972 898 guni
986 825 1015 879 et
1028 826 1103 879 rotae
1115 818 1159 878 ad
1176 817 1421 880 semidiametmm
1536 898 1539 905 Ι

166 920 260 1006 globi.
1200 950 1204 959 ·

174 1118 223 1185 Sit
239 1118 270 1182 A
286 1117 316 1183 Β
331 1114 361 1181 L
375 1115 498 1202 globus,
515 1113 700 1180 Ccentrum
715 1116 792 1201 ejus,
807 1117 837 1182 B
855 1118 922 1181 PV
937 1130 1007 1183 rota
1016 1119 1046 1183 ei
1060 1119 1216 1197 insistens,
1233 1120 1263 1186 E
1277 1132 1419 1185 centnun

126 1238 217 1303 rotae,
241 1224 438 1307 Bpunctum
463 1232 635 1299 contactus,
661 1232 694 1284 et
719 1220 747 1284 P
772 1233 924 1304 punctum
947 1222 1056 1288 dutum
1078 1225 1112 1288 in
1136 1227 1305 1310 perimetro
1330 1239 1417 1291 rotae.

129 1335 269 1420 Concipe
288 1333 371 1399 hunc
395 1355 447 1397 ro-

127 1455 332 1530 tampergere
343 1442 376 1505 in
390 1442 449 1506 cir-

127 1550 450 1617 culomuximoABL

127 1659 167 1724 cb
180 1661 211 1725 A
226 1682 283 1745 per
299 1659 328 1724 B
342 1680 449 1724 versus

127 1767 168 1846 L,
178 1780 211 1833 et
218 1768 301 1833 inter
309 1767 448 1833 eundum

128 1872 172 1937 itu
196 1874 313 1937 revolvi
339 1887 374 1939 ut
398 1883 448 1937 cr·

128 2001 182 2045 cus
199 1981 230 2044 A
247 1980 285 2057 Β,
303 1980 330 2043 Ρ
351 1979 380 2044 Β
406 1980 447 2043 si-

127 2092 159 2155 bi
173 2093 306 2156 invicem
327 2112 449 2177 semper

128 2214 304 2287 aequentur,
354 2213 447 2286 atque

126 2319 278 2392 punctum
289 2305 366 2369 illud
377 2306 404 2370 P
415 2307 448 2368 in

125 2414 381 2500 perimetrorotae
391 2414 448 2478 dn-

127 2533 193 2585 tum
201 2520 320 2587 interce
331 2518 447 2585 descri-

125 2628 201 2694 bere
219 2629 302 2693 viam
323 2629 447 2693 curvili-

125 2759 216 2802 neam
228 2737 259 2801 A
272 2736 310 2802 Ρ.
333 2736 382 2802 sit
392 2759 447 2801 au-

125 2855 189 2907 tem
211 2843 243 2907 A
260 2843 287 2906 P
309 2841 361 2905 via
380 2854 446 2907 totu

125 2951 294 3015 curvilineu
307 2949 446 3035 descrip-

124 3071 155 3122 ta
170 3081 211 3123 ex
225 3080 288 3144 quo
300 3072 369 3123 rota
377 3060 446 3147 glo-

124 3166 200 3231 bum
212 3167 316 3255 tetigit
324 3167 357 3230 in
367 3168 409 3245 A,
416 3179 448 3231 et

124 3281 184 3345 erit
198 3281 258 3344 vioe
272 3280 365 3366 hujus
378 3280 447 3344 lou·

125 3384 236 3472 gitudo
251 3386 282 3450 A
300 3384 378 3448 Pad
390 3384 449 3448 du·

124 3490 213 3574 plum
243 3491 346 3554 sinum
378 3513 447 3554 ver·

124 3622 194 3663 sum
209 3602 334 3680 arcus}
360 3599 387 3663 P
403 3599 432 3664 B

433 3644 443 3677 θ

125 3707 444 3793 mssCEfflm

127 3814 155 3878 C
172 3815 210 3878 B.
257 3814 341 3878 Nam
356 3814 483 3878 rectuC
500 3812 530 3879 E
545 3814 585 3901 (si
596 3834 678 3898 opus
692 3827 740 3879 est
754 3812 921 3900 producta)
936 3822 1080 3877 occu-rmt
1093 3821 1171 3875 rotae
1186 3809 1219 3873 in
1234 3808 1276 3887 V,
1287 3808 1426 3895 jungan-

125 3933 239 4006 turque
255 3920 282 3985 C
300 3922 337 3999 P,
361 3922 389 3986 B
407 3922 444 4000 P,
468 3921 497 3985 E
516 3925 554 3999 P,
570 3922 602 3985 V
619 3922 656 3998 P,
680 3922 759 3986 etin
775 3921 804 3985 C
822 3922 849 3985 P
868 3919 1054 4007 productam
1073 3917 1255 3982 demittatur
1275 3915 1424 3979 normalis

125 4028 157 4091 V
170 4029 206 4092 F.
251 4029 401 4116 Tangant
417 4027 445 4090 P
461 4028 508 4105 H,
526 4028 558 4091 V
569 4027 607 4091 H
622 4028 774 4092 circulum
788 4028 823 4091 in
839 4026 866 4092 P
880 4040 914 4092 et
928 4027 961 4091 V
973 4036 1193 4090 concurrentes
1208 4023 1241 4085 in
1258 4021 1305 4100 H,
1328 4032 1425 4085 secet·

124 4157 186 4219 que
204 4136 231 4198 P
248 4134 294 4212 H,
312 4135 411 4219 ipsam
428 4135 457 4198 V
475 4135 550 4198 Fin
565 4135 609 4211 G,
633 4145 665 4200 et
679 4135 720 4199 ad
735 4135 766 4198 V
781 4132 810 4198 P
830 4133 1036 4199 demittuntur
1057 4129 1213 4194 normales
1237 4128 1309 4206 GI,
1328 4126 1364 4191 H
1381 4126 1424 4191 K.

126 4244 248 4307 Centro
269 4243 345 4307 item
361 4243 389 4306 C
405 4255 437 4305 et
450 4242 615 4307 intervallo
630 4243 740 4328 quovis
756 4242 951 4306 describatur
965 4240 1101 4304 circulus
1114 4260 1138 4301 n
1152 4260 1173 4300 ο
1182 4259 1219 4300 m
1234 4257 1343 4301 secans
1358 4260 1425 4301 rec·

124 4364 188 4416 tam
206 4352 234 4416 C
250 4352 278 4415 P
293 4353 325 4414 in
341 4375 373 4429 n,
390 4365 469 4415 rotoe
483 4353 689 4435 perimetmm
706 4351 775 4417 BP
790 4351 823 4416 in
838 4373 869 4431 o,
885 4363 918 4417 et
932 4351 1014 4415 viam
1030 4348 1231 4415 curvilineam
1243 4349 1276 4413 A
1289 4347 1360 4414 Pin
1374 4369 1424 4411 m·

157 4588 224 4650 (⁰)'
248 4587 481 4634 venenatum
518 4585 759 4642 HoccstonCE
792 4585 1039 4640 enrtutsumnn
1055 4583 1426 4634 wlummnuauimmomm

126 4650 406 4712 :nonu-2133,
424 4650 761 4698 velucE=2cB-
795 4649 1295 4728 globietrotaenducmidinmetrum-globi.
