3098 5534
104 417 220 489 larana
235 417 399 500 Patrios]
442 418 685 485 PRINCIPIA
709 417 1082 506 MATHEMAthA.
1329 422 1394 479 993

104 606 139 658 et
152 560 235 658 arere
250 594 457 679 respondeant
471 592 674 679 temporibus,
690 593 755 658 sine
770 615 886 672 errore,
903 592 957 678 qni
972 613 1035 656 non
1052 591 1091 655 sit
1105 590 1208 654 minor
1217 589 1324 674 quovis
1340 589 1396 653 da·

103 715 148 765 to.
195 697 237 775 Q.
253 721 281 764 e.
295 721 328 784 o.⁴
984 716 987 721 ’

149 809 219 872 Cas.
241 815 273 872 2.
297 809 335 894 (·)
360 807 530 896 Fingamus
538 810 605 894 jam
621 821 756 895 systema
769 828 937 893 corporum
951 808 1108 871 minorum
1122 804 1221 904 modo
1236 808 1304 891 jam
1324 804 1397 869 des·

103 912 208 998 cripto
220 913 303 978 circa
317 914 489 977 maximum
501 912 734 992 revolventium,
758 911 883 977 aliudve
905 911 1039 1000 quodvis
1060 911 1195 975 duorum
1221 911 1338 975 circum
1363 930 1397 974 se

102 1018 216 1084 mntnb
230 1019 456 1084 revolventium
477 1040 646 1105 corporum
661 1012 796 1105 systema
810 1017 959 1106 progredi
973 1018 1170 1082 uniformiter
1184 1017 1217 1080 iu
1231 1016 1396 1094 directum,

101 1139 136 1190 et
149 1127 268 1191 interea
281 1126 313 1189 vi
327 1126 468 1210 corporis
483 1125 609 1190 alterius
624 1124 718 1214 longe
733 1123 862 1189 maximi
878 1137 910 1190 et
931 1124 972 1189 ad
994 1146 1141 1212 magnam
1155 1123 1334 1189 distantiam
1348 1123 1400 1188 siti

100 1232 211 1319 urgeri
224 1232 266 1296 sd
278 1232 372 1297 latus.
416 1232 461 1296 Et
473 1233 622 1318 quonism
636 1231 773 1319 equales
787 1232 867 1296 vires
882 1231 1122 1310 acceleranices,
1137 1232 1251 1317 quibus
1265 1253 1399 1317 corpora

100 1337 274 1402 seeundum
289 1339 387 1402 linens
399 1338 563 1423 parallelas
578 1352 740 1426 urgentur,
754 1360 819 1403 uon
833 1351 958 1404 mutam
971 1339 1047 1403 sitos
1067 1358 1234 1423 corporum
1255 1338 1297 1403 ad
1319 1339 1398 1403 invi·

102 1462 184 1521 cem,
201 1443 257 1508 sed
271 1456 307 1508 ut
321 1457 456 1530 systema
469 1456 581 1523 totum,
597 1446 727 1510 servatis
740 1445 877 1530 partium
891 1444 1028 1509 motibus
1042 1445 1125 1509 inter
1138 1467 1182 1522 se,
1194 1443 1285 1508 simul
1297 1456 1400 1510 nm

101 1549 233 1626 feratur,
248 1549 404 1614 efficiunt:
425 1549 623 1615 manifestum
644 1550 802 1637 estquod,
818 1572 860 1616 ex
872 1551 1108 1615 atuactionibus
1122 1551 1156 1614 in
1170 1572 1284 1635 corpus
1297 1550 1398 1616 maxi·

101 1678 201 1735 mam,
216 1656 305 1721 nulla
316 1678 445 1741 prorsus
458 1657 577 1722 orietur
593 1658 726 1721 mundo
738 1669 843 1722 motus
857 1668 1061 1722 nnacmrum
1076 1657 1157 1720 iuter
1171 1679 1213 1735 se,
1226 1657 1287 1721 uisi
1296 1657 1346 1731 vel
1357 1676 1399 1721 ex

99 1763 322 1829 attmctionum
335 1763 588 1829 accelerntricum
603 1763 822 1849 inequalime,
846 1763 895 1828 vel
916 1783 957 1831 ex
975 1763 1176 1828 inclinatione
1189 1762 1342 1829 linearum
1356 1764 1398 1828 ud

97 1872 255 1936 invicem:
278 1870 451 1935 secundum
465 1893 542 1958 quas
556 1872 756 1936 attractiones
770 1871 861 1936 fiunt.
907 1872 996 1936 Pone
1011 1895 1088 1960 ergo
1108 1873 1308 1937 attractiones
1329 1893 1398 1938 om-

98 2001 159 2044 nes
172 1977 403 2042 acceleratrioes
416 1978 451 2041 iu
465 1999 578 2063 corpus
592 1979 764 2044 maximum
778 2000 848 2044 esse
862 1979 944 2044 inter
957 2002 992 2046 se
1010 1981 1170 2065 reciproce
1190 1994 1227 2047 ut
1247 1981 1399 2066 quadrata

98 2086 339 2163 distantiarum
361 2101 393 2151 et
407 2087 554 2175 augendo
568 2087 709 2171 corporis
724 2087 854 2152 maximi
867 2086 1057 2166 danorum
1073 2087 1175 2152 donec
1187 2100 1344 2152 recturum
1357 2087 1399 2152 ab

49 2180 53 2185 ⁵
95 2193 162 2259 hoc
176 2195 217 2259 ad
232 2193 354 2281 reliqua
367 2193 535 2260 ductarum
549 2195 734 2260 differentias
744 2207 888 2278 respectu
902 2216 1011 2258 earum
1026 2195 1231 2282 longitudinis
1253 2207 1287 2259 et
1310 2194 1399 2258 iucli*

98 2301 246 2366 nationes
260 2299 303 2364 ad
317 2301 452 2367 invicem
464 2301 603 2365 minores
619 2301 690 2377 sint,
707 2323 801 2386 quam
814 2299 899 2364 datae
912 2301 1051 2386 quoevis3
1072 2300 1316 2385 perseverabunt
1329 2321 1399 2369 mo·

96 2422 148 2473 tus
161 2409 299 2492 partium
313 2411 487 2495 systematis
502 2411 584 2474 inter
598 2433 631 2474 se
645 2411 712 2473 sine
727 2409 893 2487 erroribus,
910 2409 964 2495 qui
978 2432 1043 2473 nou
1058 2411 1121 2474 sint
1135 2410 1295 2495 quibusvis
1315 2409 1399 2475 datis

95 2516 244 2579 minores.
291 2516 336 2580 Et
349 2517 508 2601 quoniam,
525 2517 567 2580 ob
582 2517 727 2602 exigrmm
742 2515 880 2600 partium
892 2515 1019 2579 illarum
1032 2517 1074 2579 ab
1099 2516 1233 2580 invicem
1256 2515 1399 2581 distanti·

96 2644 161 2698 am,
178 2634 313 2706 systema
327 2635 429 2687 totum
442 2622 484 2686 ad
498 2622 629 2686 modum
642 2622 783 2706 corporis
799 2622 891 2685 unius
905 2621 1092 2698 attrabitnr3
1115 2622 1293 2687 movebitur
1312 2618 1399 2688 idern

98 2727 164 2792 balo
176 2729 362 2793 attractione
377 2729 417 2792 ad
432 2729 562 2793 modurn
577 2729 717 2812 corporis
732 2729 844 2805 unius;
867 2728 929 2794 boo
943 2743 1000 2807 est,
1025 2729 1065 2813 (ὓ)
1088 2743 1197 2793 centro
1218 2750 1275 2794 suo
1296 2730 1401 2818 gravi·

99 2834 176 2897 tatis
191 2833 348 2899 describet
362 2835 445 2899 circa
467 2857 583 2918 corpus
607 2835 781 2899 maximum
806 2835 977 2899 sectionem
1003 2834 1140 2920 aliquam
1165 2836 1305 2899 oouicam
1327 2837 1399 2922 (via.

100 2941 140 3024 (⁰)
165 2940 386 3025 Hyperbolam
400 2941 450 3006 vel
465 2940 648 3025 parabolam
664 2941 848 3007 attractione
866 2940 1028 3036 languidi,
1053 2941 1177 3025 ellipsin
1200 2941 1342 3025 fortiore)
1367 2957 1401 3010 et

95 3049 188 3115 radio
202 3049 244 3112 ad
258 3050 432 3113 maximum
447 3050 544 3114 ducto
559 3049 717 3113 describet
731 3071 820 3113 areas
834 3049 1029 3133 temporibus
1050 3051 1308 3135 proportionales,
1332 3053 1400 3118 sine

94 3156 169 3219 ullis
184 3155 353 3230 erroribus,
369 3157 429 3218 nisi
445 3179 522 3240 quas
537 3156 675 3240 partium
691 3155 859 3232 distantiae‚
871 3154 1052 3243 perexiguae
1067 3177 1141 3222 sane
1160 3169 1192 3222 et
1212 3178 1273 3242 pro
1296 3157 1402 3229 lubitu

96 3261 289 3341 minuendae,
306 3263 429 3328 valeant
444 3262 576 3328 efficere.
622 3264 664 3340 Q.
681 3285 710 3328 o.
726 3284 755 3328 o.

94 3432 175 3482 soluta
195 3437 233 3484 hie
254 3441 400 3495 supponatur
420 3433 522 3480 anterio
544 3432 727 3493 proportionalis,

37 3497 42 3503 “
94 3496 215 3570 diminuti
224 3499 327 3559 eorporis
336 3495 419 3553 mmm,
430 3497 465 3544 ris
475 3497 594 3546 aurumve
607 3496 633 3544 iu
647 3497 729 3547 eidem

93 3572 188 3610 neone
198 3563 322 3610 minuitur.

130 3623 165 3686 (¹)
184 3632 196 3657 ⁹
215 3630 346 3687 Fingatm
354 3627 410 3686 ,iana
427 3642 547 3688 tomorum
562 3628 686 3682 minian,
700 3624 727 3680 Ρ,

93 3703 121 3748 p,
132 3707 158 3744 c,
169 3691 294 3751 medejam
304 3692 413 3754 dempto
424 3691 486 3742 tired
494 3693 621 3743 marimum
630 3690 650 3740 T
659 3693 729 3741 nvai-

93 3755 199 3804 mutam
213 3763 309 3819 vuemo
325 3760 432 3818 progredi
448 3760 594 3821 uniformiter
610 3760 637 3805 ia
654 3760 728 3807 dirce·

93 3825 157 3874 nu,
173 3834 216 3866 seu
232 3819 304 3867 totins
321 3821 450 3880 systematis
466 3836 592 3868 commuue
610 3822 729 3884 gravitatis

93 3890 204 3928 centrum
225 3884 254 3938 Τ,
278 3884 386 3947 progredi
408 3884 555 3932 mttormiar
576 3900 617 3945 per
641 3895 728 3933 rectam

95 3943 122 3991 Τ
135 3944 166 4001 R,
182 3957 204 3994 et
214 3948 301 3996 tuerer
313 3951 336 3995 vi
346 3951 445 4010 corporis
456 3951 550 3996 ateius
560 3948 625 4010 longi
637 3952 729 3998 morino

93 4009 125 4063 5,·
132 4018 152 4055 ot
163 4013 195 4056 od
205 4027 316 4072 magnam
326 4014 459 4060 distantiam
469 4014 514 4068 titi,
526 4014 605 4073 urgeri
620 4015 652 4059 ad
666 4015 728 4062 tuas

92 4072 311 4120 secundamsectas
330 4075 386 4131 PS,
406 4090 451 4136 ps,
471 4076 526 4131 aeS,
546 4075 604 4127 ΤΒ,
625 4085 695 4137 atque
713 4092 728 4123 ι

92 4135 702 4204 reeti'l'ltretrahietiucurvam'l'lioogidec.

129 4197 164 4263 (⁸)
182 4203 195 4230 ⁹
215 4203 267 4249 Hoc
277 4213 317 4256 est.
336 4215 414 4251 semro
431 4220 473 4252 ruo
490 4205 617 4265 grauitatis,
637 4204 663 4249 in
681 4216 729 4266 quo

93 4271 175 4310 totum
187 4274 288 4324 systema
298 4266 404 4374 gravium
424 4265 454 4322 P,
466 4281 488 4328 p,
502 4285 527 4324 τ,
540 4265 570 4323 Τ,
591 4265 685 4314 unitura
701 4281 729 4315 ac

93 4335 242 4375 conmotum
253 4328 392 4392 inteligitur
409 4330 472 4392 (71).

128 4388 164 4454 (Ἴ
181 4396 195 4421 ’
213 4394 369 4453 Hyperbolum
390 4395 426 4441 vei
444 4394 578 4455 parobolam
595 4397 729 4444 attractione

91 4453 215 4516 amin.
225 4459 320 4516 ellipsim
326 4456 362 4503 vel
370 4456 484 4503 circulum
487 4458 600 4522 sortiere,¹
619 4467 729 4506 nimenta

93 4517 164 4565 wita
172 4518 294 4566 velocime
305 4519 407 4580 corporis
416 4519 477 4567 ciret
490 4530 598 4568 centrum
614 4522 699 4568 virium
712 4522 730 4570 S

93 4582 201 4644 marti,
224 4592 248 4630 et
269 4583 386 4630 circulum
405 4583 442 4632 vel
460 4584 560 4642 ellipsim
579 4585 729 4632 describentis

92 4644 173 4693 miuui
182 4645 252 4695 debet
261 4646 327 4694 illius
336 4647 366 4694 ad
377 4657 484 4694 osonum
496 4649 514 4695 S
524 4649 637 4706 amaena
654 4658 682 4696 ut
697 4649 730 4697 ud

622 4731 850 4799 .xs,
