3098 5534
203 422 265 479 180
523 413 869 481 PHILOSOPHIAE
891 415 1168 482 NATURALIS
1216 415 1355 497 [Mor.
1373 416 1502 482 coms

200 581 289 647 fluidi
304 584 515 668 cujuscunque
531 583 564 648 G
575 583 648 660 HI,
665 584 751 670 quod
766 584 904 670 undique
912 586 1064 669 premitur
1077 585 1265 671 aequaliter,
1283 597 1404 672 partes

201 713 234 754 se
248 688 359 753 mutui>
373 702 520 773 premunt
535 690 705 774 equaliter,
722 704 753 755 et
768 692 933 776 quiescunt
947 693 1027 767 inter
1043 715 1085 756 se.
1134 692 1180 768 Q.
1198 715 1231 756 e.
1249 693 1287 756 d.

132 816 137 827 ’
247 802 315 863 Cas.
332 808 362 863 6.
408 800 509 884 Igitur
524 800 549 862 si
563 799 696 862 fluidum
710 799 788 862 illud
802 801 916 864 invase
930 784 1107 887 noti'rigido
1122 800 1320 879 claudatur,
1339 816 1375 866 et
1385 801 1499 886 nudior

201 931 266 972 non
280 921 441 993 prematur
454 909 630 996 aequaliter3
654 909 744 973 cedet
764 909 848 973 idem
869 909 1023 993 pressioni
1036 908 1168 986 fortiori,
1196 931 1263 994 per
1283 910 1498 974 Definitioon

205 1016 392 1081 Fluiditatis.

248 1128 317 1191 cas.
334 1134 363 1194 7.
409 1128 548 1213 Ideoque
563 1127 595 1189 in
612 1149 683 1191 vase
698 1126 801 1213 rigido
814 1125 946 1190 fluidum
960 1147 1024 1190 non
1039 1126 1210 1190 sustinebit
1234 1125 1443 1210 pressionem
1453 1124 1498 1188 i}

208 1232 319 1296 tiorem
341 1255 382 1296 ex
402 1255 467 1296 uno
480 1232 578 1296 latere
593 1231 687 1318 quim
701 1254 741 1294 ex
756 1231 827 1307 alio,
852 1232 908 1294 sed
923 1230 1024 1294 eidem
1039 1231 1138 1309 cedet,
1164 1230 1272 1316 idque
1297 1232 1337 1294 in
1360 1244 1498 1294 moiun

205 1340 363 1424 temporis,
390 1341 463 1423 quia
476 1340 557 1404 latus
580 1340 660 1403 vasis
683 1337 819 1426 rigidum
839 1360 904 1401 non
925 1340 1120 1425 persequitur
1146 1340 1319 1425 liquorem
1345 1340 1499 1404 oedeutn

206 1445 357 1512 cedendo
372 1458 475 1509 autem
491 1447 615 1532 urgebit
629 1446 709 1508 letus
732 1445 920 1529 oppositum,
943 1457 975 1508 et
989 1446 1033 1509 sic
1047 1445 1167 1529 pressio
1182 1445 1343 1532 undique
1359 1446 1403 1510 ed
1416 1466 1499 1530 eq}

205 1551 323 1614 litatem
338 1565 453 1638 verget.
501 1551 543 1614 Et
558 1551 706 1636 quoniam
721 1549 861 1624 fluidum,
879 1547 972 1634 quiam
986 1543 1122 1632 primum
1138 1572 1158 1613 a
1171 1562 1273 1633 purte
1288 1551 1401 1638 magis
1414 1572 1500 1635 prm

205 1660 350 1724 recedere
365 1673 504 1736 conatur,
520 1659 678 1723 inhibetur
692 1680 749 1742 per
763 1659 969 1722 resistentiam
983 1659 1062 1721 vasis
1078 1658 1118 1721 ad
1133 1657 1222 1722 latus
1238 1661 1451 1745 oppositum
1464 1680 1502 1721 rr·

206 1768 338 1831 ducetur
352 1767 472 1851 pressio
487 1765 626 1851 undique
641 1765 681 1828 ed
696 1765 914 1850 aequalitatem,
930 1766 963 1827 in
978 1778 1137 1829 momento
1152 1768 1332 1850 temporis,
1351 1770 1422 1832 sine
1433 1782 1502 1831 mn

205 1873 313 1937 locali:
336 1888 368 1937 et
383 1872 522 1936 subinde·
529 1885 633 1955 partes
647 1872 746 1948 fluidi,
772 1893 829 1954 per
845 1873 961 1936 Casum
984 1873 1136 1957 quintum,
1164 1895 1201 1937 se
1227 1875 1355 1939 mutuo
1377 1888 1499 1961 prem

205 1982 374 2069 equaliter,
392 1996 423 2045 et
439 1982 598 2066 quiescent
612 1980 693 2041 inter
708 2001 750 2042 se.
797 1978 838 2055 Q.
855 2002 882 2042 e.
897 1978 928 2041 d.

250 2091 349 2153 Corol.
398 2087 492 2151 Unde
510 2108 567 2149 nec
583 2097 684 2148 motus
700 2085 836 2168 partium
852 2084 941 2147 fluidi
955 2085 1036 2148 inter
1051 2107 1094 2162 se,
1110 2106 1168 2169 per
1182 2089 1402 2171 pressionem
1421 2083 1500 2151 tub

206 2195 306 2259 ubivis
321 2195 354 2257 in
369 2193 496 2258 externi
512 2191 676 2277 superficie
690 2191 817 2266 illatam,
831 2192 944 2254 mutari
956 2205 1096 2274 possunt,
1112 2193 1172 2255 nisi
1183 2195 1359 2278 quitenus
1373 2196 1498 2281 nuttio-

207 2323 242 2365 ra
257 2301 431 2386 superficiei
446 2299 560 2362 alicubi
575 2309 722 2373 mutatur,
739 2311 793 2361 aut
807 2318 916 2360 omnes
930 2296 1018 2360 fluidi
1032 2310 1135 2380 partes
1151 2298 1322 2367 intensius
1340 2303 1394 2369 vel
1408 2301 1496 2368 πώ

207 2407 272 2472 sitis
288 2430 356 2472 sese
370 2404 544 2491 premendo
559 2402 713 2467 difficilius
730 2403 777 2466 vel
793 2401 911 2466 facilius
926 2403 1073 2468 labuntur
1087 2404 1169 2467 inter
1183 2426 1233 2472 se.

455 2736 738 2816 PROPOSITIO
762 2749 843 2814 XX.
887 2750 1159 2817 THEOREMA
1183 2752 1269 2819 XV.

212 2958 251 3044 (θ)
266 2960 302 3023 Si
302 2959 403 3046 fluidi
416 2959 566 3040 sphaerici,
594 2971 623 3022 et
639 2962 672 3022 in
690 2962 856 3043 aequalibus
870 2984 890 3024 a
905 2974 1006 3027 centro
1027 2966 1185 3028 distantiis
1205 2967 1408 3053 homage-rui,
1418 2967 1500 3053 sd

253 3072 399 3151 mhoerico
413 3075 597 3134 centaurica
612 3073 803 3136 incumbentis
811 3084 918 3154 partes
933 3077 1059 3157 singule
1070 3096 1168 3138 umam
1178 3088 1324 3141 centrum
1340 3082 1437 3142 totius
1444 3098 1501 3163 gn·

254 3184 369 3254 uitent,·
385 3184 509 3244 sustinet
512 3183 647 3264 fundum
657 3185 776 3262 pondus
790 3185 933 3266 cylindri,
951 3184 1032 3264 ctp‘us
1047 3184 1126 3248 basis
1139 3187 1275 3266 aequatis
1291 3198 1341 3250 est
1355 3188 1500 3271 nsperfida'

243 3292 353 3375 fundi,
370 3301 399 3353 et
414 3293 545 3353 altitudo
560 3294 660 3353 cadem
676 3292 844 3377 quoefluidi
860 3293 1060 3354 inocnthentis.

259 3485 306 3549 Sit
329 3485 361 3547 D
386 3486 422 3548 H
446 3485 485 3547 M
509 3484 688 3568 superficies
711 3484 808 3560 sundi,
837 3499 868 3548 et
892 3488 921 3548 Α
947 3485 975 3548 Ε
999 3486 1014 3548 l
1038 3486 1218 3570 superficies
1245 3491 1403 3573 superior
1425 3486 1500 3554 tuto

215 3592 446 3676 Superficicbus
473 3592 632 3674 sphaericis
656 3592 826 3654 innumeris
844 3591 871 3653 B
890 3592 915 3653 F
933 3592 975 3668 K,
1000 3592 1027 3654 C
1044 3593 1075 3654 G
1092 3593 1120 3654 L
1143 3593 1370 3680 distinguatur
1392 3596 1501 3660 fiuiduu

214 3704 245 3763 in
271 3701 361 3763 orbes
383 3701 596 3763 concentricos
618 3699 779 3783 acqualiter
802 3720 938 3772 cress0s3
963 3712 993 3761 et
1008 3699 1136 3781 concipe
1151 3699 1214 3761 vim
1231 3704 1411 3786 gravitatis
1431 3722 1501 3789 agen

215 3807 411 3870 solummodo
438 3808 470 3868 in
496 3806 690 3889 superficiem
717 3806 909 3888 superiorem
926 3805 1009 3867 orbis
1033 3806 1193 3890 cujusque,
1220 3819 1256 3869 et
1285 3812 1432 3895 oequales
1454 3829 1503 3873 esse

215 3915 351 3978 actiones
367 3918 398 3976 in
414 3913 548 3997 oequales
564 3927 667 3996 partes
682 3912 917 3995 superficierum
936 3913 1085 3974 omnium.
1133 3912 1302 3976 Premitur
1317 3938 1403 4004 ergo
1417 3936 1504 4001 supet·

215 4022 300 4086 ficies
315 4045 460 4105 suprema
477 4025 505 4084 Α
524 4022 551 4084 E
567 4023 595 4083 vi
611 4021 742 4105 simplici
757 4022 917 4107 gravitatis
936 4022 1083 4104 propriu,
1108 4019 1167 4105 quir
1183 4033 1216 4082 et
1231 4044 1354 4089 ornnes
1372 4029 1458 4092 orbis
1469 4048 1505 4089 sr-

249 4216 282 4278 (Β)
298 4221 349 4262 172.
369 4220 393 4262 Si
398 4219 473 4278 fluidi
484 4218 594 4275 mimici,
605 4216 647 4260 &c
686 4214 840 4275 Fluidiquie-
873 4209 1314 4275 letanter,(exnefiniuonemuidum
1323 4219 1507 4267 mandatu

215 4281 299 4326 scentia
310 4279 442 4338 superficies
453 4279 482 4324 nd
499 4278 615 4338 gravitatis
626 4277 774 4323 directionem
791 4293 842 4337 per·
876 4276 1026 4323 directionem
1038 4277 1174 4330 movebitur,
1195 4286 1285 4325 contra
1307 4282 1380 4343 Hyp.
1419 4281 1508 4342 Ειϋὶρ·

217 4343 372 4402 pendicularis
388 4353 422 4389 est
439 4344 532 4403 ubique,
549 4354 572 4387 et
584 4340 636 4387 ided
648 4342 667 4386 si
679 4342 712 4386 vis
728 4341 847 4402 grauitatis
880 4352 918 4386 tur
930 4357 982 4401 pars
993 4340 1101 4402 quoelibet
1112 4338 1244 4398 superficiei
1262 4344 1300 4390 ad
1320 4348 1447 4408 gmiffl
1455 4347 1510 4393 ἂι-

218 4406 246 4454 sd
265 4417 373 4452 centrum
391 4422 467 4451 unum
483 4406 602 4468 dirigatur,
623 4405 733 4464 spherica
744 4416 785 4450 est.
823 4406 847 4452 Si
880 4405 967 4452 tionem
979 4403 1188 4464 perpendicularis:
1203 4409 1362 4466 etquoniam
1371 4408 1511 4459 nungenti

218 4469 851 4580 tltttttilz'illlt‘sssstlttsstlss‘titit
881 4468 1512 4601 ‘ll‘fiilfimp‘il‘iill‘ofiffi’tqi'm'’

219 4549 244 4642 iri
267 4597 326 4642 dues
344 4597 403 4643 vires
417 4612 519 4659 quarum
532 4567 586 4642 'una
604 4548 760 4643 directioneril
769 4597 852 4643 babent
883 4548 960 4645 ieelid
971 4565 1076 4642 centrtim
1088 4610 1163 4642 uuum
1173 4552 1340 4661 ῦοῑὶειιιτιιιρῖ,Ι
1350 4600 1514 4667 apest&

221 4661 351 4722 superficiei
364 4652 428 4707 fluidi
446 4660 668 4720 pcrpcndicularem,
689 4660 760 4706 altera
776 4660 851 4719 paral.
884 4658 948 4705 fluidi
958 4660 1067 4719 spherica
1078 4659 1127 4705 erit.
1164 4659 1196 4713 Q.
1210 4676 1232 4706 e.
1247 4660 1273 4710 d.
