3098 5534
197 405 261 471 418
509 401 849 478 PHILOSOPHIAE
873 412 1146 478 NATURALIS
1220 411 1333 490 [Mor.
1351 411 1513 476 Curtius.

198 579 334 660 diorum,
350 579 463 646 fectum
477 585 593 667 partim
607 586 640 648 in
656 589 728 650 uiire
743 599 909 672 antequam
924 586 1081 672 attingunt
1095 586 1220 661 vitrum,
1236 584 1355 668 partim
1381 584 1433 668 (ni
1451 584 1511 648 fel·

196 685 260 768 lor)
276 687 309 751 in
323 688 415 766 vitro,
431 703 596 776 postquem
611 691 690 756 illud
711 693 844 780 ingressi
866 705 959 757 sunt:
983 692 1029 756 uti
1050 692 1084 755 in
1107 691 1201 756 radiis
1217 713 1234 755 c
1249 691 1271 754 k
1286 713 1304 754 z
1318 712 1350 768 c,
1368 689 1420 754 bi
1436 691 1510 777 yb,

199 2149 271 2211 Prop.
282 2152 303 2195 ll.
317 2156 341 2196 et
351 2154 374 2198 9.
395 2145 472 2196 Partis
482 2151 521 2193 3*
534 2144 587 2192 Lib.
595 2141 696 2205 Optices
707 2141 825 2190 Newtoni.
860 2157 945 2202 corpus
955 2155 979 2202 p,
999 2141 1119 2204 equaliter
1136 2142 1241 2205 undique
1256 2153 1385 2193 atuactum
1414 2162 1444 2194 ex
1456 2147 1497 2209 hy·

200 2213 246 2262 Sed
257 2222 286 2260 ut
295 2228 331 2260 res
347 2211 432 2259 clarius
447 2210 598 2272 intelligatur,
620 2209 668 2255 sint
686 2205 764 2254 medis
780 2205 829 2253 duo
859 2207 961 2267 pothesi)
974 2205 1079 2253 semitam
1096 2223 1144 2254 non
1156 2207 1256 2268 smplihs
1274 2219 1361 2267 mutat,
1434 2211 1497 2259 mu

197 2277 316 2340 configua,
338 2278 412 2324 hab
426 2275 457 2333 tt,
479 2275 528 2322 Bb
544 2289 557 2321 c
571 2274 598 2328 C,
618 2271 694 2332 planis
713 2269 828 2332 parallelis
859 2270 1079 2333 moveturperg1‚
1091 2286 1144 2334 que
1159 2272 1359 2337 curvamCet'g
1377 2276 1455 2338 tangit
1472 2275 1496 2321 in

198 2342 330 2395 terminata,
341 2350 365 2388 et
375 2354 475 2401 quorum
487 2336 540 2385 talis
550 2337 580 2383 sit
590 2334 733 2383 attractionis
748 2334 786 2380 lex
804 2344 832 2381 ut
862 2349 885 2394 g.
897 2343 978 2395 estque
988 2334 1091 2396 angulus
1103 2334 1126 2382 N
1138 2352 1155 2398 g
1168 2336 1189 2392 1,
1200 2351 1297 2399 quemg
1310 2337 1320 2384 1
1335 2353 1392 2385 mm
1403 2355 1422 2402 Β
1434 2338 1496 2386 nd

198 2403 261 2454 uitri
278 2404 411 2451 distantiam
431 2418 446 2463 p
468 2404 491 2449 tt
506 2418 521 2448 a
538 2400 616 2447 medio
632 2399 744 2445 alterutro
761 2413 830 2444 eran-
865 2399 1109 2459 Bbperpendiculari
1119 2400 1246 2457 constituit,
1257 2416 1299 2448 seu
1310 2403 1416 2465 angulus
1423 2418 1496 2450 m.

198 2478 261 2518 esest
272 2469 322 2531 ejus
337 2467 409 2514 medii
426 2466 539 2514 attractio.
576 2464 661 2525 Itaque
679 2473 759 2509 centro
775 2477 792 2523 p
808 2472 832 2509 et
863 2463 949 2525 gemite
963 2462 1042 2509 minor
1057 2464 1134 2510 sdhuc
1150 2465 1239 2527 angulo
1257 2464 1283 2511 H
1295 2465 1331 2512 tt'
1344 2465 1410 2530 (³0.)
1447 2467 1496 2528 op.

199 2532 265 2581 radio
276 2549 291 2593 p
306 2533 329 2580 il
341 2531 392 2596 (fig.
411 2529 600 2640 LZdescribatur
615 2526 716 2574 circulus
734 2525 771 2573 rel
789 2541 831 2586 po·
863 2527 964 2587 positum
976 2527 1071 2581 eveniet,
1083 2528 1104 2573 si
1114 2527 1218 2574 medium
1232 2529 1281 2576 Bb
1292 2544 1305 2576 c
1318 2530 1346 2585 C,
1359 2529 1442 2578 mirrha
1451 2541 1496 2578 ιιι

199 2597 349 2658 tiitsspluera
362 2593 418 2643 ltz
467 2591 665 2656 Xquseplanum
679 2591 832 2638 anouat-
863 2589 1100 2654 hstquammedium
1114 2593 1232 2648 Aaou,
1251 2601 1275 2639 et
1291 2593 1402 2643 retractio
1417 2597 1444 2642 in
1461 2610 1495 2643 rs.

200 2662 284 2726 tingat,
307 2675 392 2720 corpus
412 2673 429 2718 p
447 2672 527 2704 tersus
544 2655 624 2703 omnia
645 2655 715 2718 hujus
736 2655 833 2715 sphaerae
864 2652 989 2702 flexionem
997 2655 1084 2702 mutari
1094 2655 1185 2715 poterit.
1223 2656 1262 2704 Fit
1271 2656 1346 2718 igitur
1356 2659 1496 2708 teir-artiore

200 2737 289 2786 puncta
305 2723 425 2786 equaliter
443 2731 574 2774 musetum,
594 2718 685 2765 nullam
701 2718 726 2765 iu
743 2728 832 2778 partem
863 2717 959 2766 reflexio
969 2733 1017 2764 non
1028 2718 1052 2764 in
1063 2728 1153 2778 puncto
1167 2719 1299 2768 incidentia
1314 2722 1337 2768 il
1350 2723 1415 2786 (40.)
1451 2725 1496 2772 sed

200 2788 338 2844 inflectunt,
350 2785 391 2834 sed
403 2785 505 2832 manebit
518 2784 543 2831 in
560 2782 622 2830 lined
638 2781 701 2830 recti
713 2783 736 2829 G
750 2783 778 2836 C,
795 2797 831 2828 se-
863 2782 975 2842 paulatim
984 2797 1027 2842 per
1033 2784 1167 2830 continuam
1176 2785 1361 2832 incurvationem
1368 2787 1494 2845 radiorum,

202 2848 307 2896 cundum
318 2862 389 2910 quam
400 2846 486 2894 moseri
497 2846 644 2906 supponitur.
675 2847 700 2894 Si
710 2846 735 2894 in
745 2845 829 2895 eidem
865 2856 892 2894 ut
905 2847 1035 2893 Neritonus
1044 2845 1120 2894 docet.
1159 2848 1232 2903 Quod
1242 2849 1261 2895 si
1272 2848 1352 2912 itaque
1363 2852 1497 2901 cutim

116 2910 124 2928 '
201 2912 265 2960 recti
284 2913 307 2959 G
321 2911 469 2972 C,‘capiatur
486 2919 601 2970 punctum
614 2910 642 2967 C.
661 2925 676 2955 a
692 2911 762 2970 plano
782 2913 829 2959 Bb
863 2910 1027 2970 experimentis
1048 2919 1137 2958 constet
1155 2912 1232 2960 radios
1249 2911 1308 2960 lucis
1326 2929 1342 2961 a
1361 2920 1497 2976 corporeum

202 2987 318 3023 remotum
337 2973 445 3022 distantii
464 2973 564 3021 CV=
576 2989 592 3035 p
606 2974 637 3029 tt,
654 2972 729 3036 sitque
744 2975 778 3021 ris
793 2986 829 3022 st-
862 2975 928 3037 quaai
949 2973 1032 3022 attrahi
1053 2974 1079 3020 in
1099 2974 1204 3023 minimis
1221 2976 1342 3032 dimnths,
1366 2979 1498 3029 Newtonna

202 3041 298 3087 tractivs
315 3038 395 3088 versus
410 3037 515 3085 medium
534 3038 647 3094 Buce,
666 3039 741 3099 maj0r
754 3039 776 3084 ri
793 3050 827 3086 at·
863 3054 941 3086 veram
962 3038 1001 3084 hic
1021 3037 1187 3087 demonstrarit
1208 3055 1303 3088 caueam
1321 3041 1418 3090 illarum
1439 3045 1498 3094 luds

202 3102 298 3151 tractivd
308 3102 378 3150 medii
391 3103 412 3149 Δ
425 3105 464 3148 sb
478 3102 507 3157 13,
519 3101 544 3147 in
554 3116 583 3148 eo
594 3101 703 3162 ipsoloco
714 3102 733 3150 C
745 3118 829 3162 corpus
863 3103 1022 3158 sffecfionum,
1033 3103 1119 3164 quibus
1129 3105 1207 3151 contin
1226 3105 1244 3151 't
1254 3116 1281 3152 ut
1291 3104 1351 3152 radii
1369 3108 1498 3158 inddentas

201 3183 217 3215 a
227 3168 289 3215 recti
297 3167 334 3214 vit
345 3167 368 3214 G
380 3165 528 3215 Cdeiiectere
536 3179 675 3226 currumque
691 3166 776 3212 lineum
788 3167 828 3213 de·
863 3168 887 3213 in
899 3166 1044 3226 superficiem
1055 3168 1156 3227 corporis
1167 3121 1269 3215 restiiant
1285 3169 1309 3214 iu
1320 3170 1394 3229 plano
1404 3173 1436 3219 ad
1447 3189 1498 3221 eam

202 3233 301 3279 scribere
312 3230 413 3291 incipiet.
440 3229 561 3276 Perveniat
573 3229 634 3289 (90.)
643 3244 726 3288 corpus
737 3246 765 3276 ex
775 3231 795 3275 C
804 3231 827 3275 in
864 3230 974 3286 verticuli,
986 3233 1029 3277 sub
1045 3231 1139 3294 angulis
1156 3232 1286 3279 reflexiouis
1305 3235 1438 3295 equalibus
1456 3253 1498 3284 an·

202 3311 222 3348 s.
235 3310 381 3356 percurram
395 3295 445 3349 Ce,
457 3305 481 3340 et
491 3292 561 3339 ducti
575 3292 601 3339 tt
611 3293 640 3339 Μ
651 3293 679 3339 ad
693 3293 761 3353 pians
776 3295 795 3339 Α
807 3311 828 3350 ιι,
900 3295 928 3342 lis
939 3294 1077 3346 incidentia.
1090 3307 1160 3357 atque
1171 3307 1198 3343 ut
1209 3312 1235 3343 er
1249 3312 1296 3343 uno
1305 3298 1386 3344 medio
1396 3299 1421 3345 in
1433 3302 1497 3349 aliud

205 3360 250 3406 Bb
261 3358 453 3419 perpendiculari,
465 3371 541 3417 acper
549 3366 662 3416 punctum
673 3372 694 3412 e,
707 3357 788 3404 rectio
799 3361 827 3412 Τ,
865 3311 962 3405 diverse
973 3358 1091 3405 densitatis
1102 3371 1143 3406 aut
1154 3359 1251 3407 diversa·
1267 3360 1301 3406 vis
1317 3363 1439 3420 trahemis,
1456 3368 1498 3413 oh-

201 3438 254 3486 quae
272 3437 366 3469 curtam
380 3423 400 3468 C
412 3437 432 3476 e,
452 3430 534 3482 tsngst
544 3420 569 3465 in
580 3436 601 3475 c,
620 3430 644 3466 et
662 3422 828 3480 perpendiculo
864 3423 928 3486 lique
939 3432 1085 3481 penetrantes
1096 3424 1258 3486 refrangantur
1274 3425 1298 3470 in
1318 3425 1391 3484 pleno
1409 3429 1441 3475 ad
1459 3446 1498 3477 au.

204 3487 230 3534 Η
245 3487 272 3534 Μ
283 3495 388 3533 occurrat
399 3486 422 3530 in
436 3485 466 3540 Τ,
483 3485 527 3531 erit
543 3485 667 3546 anguinae
679 3485 734 3531 Tc
750 3486 827 3531 minor
865 3487 989 3546 perficiem,
1001 3503 1054 3548 quse
1066 3487 1114 3533 duo
1126 3488 1202 3534 medin
1220 3488 1307 3534 dirimit
1324 3489 1407 3537 itidem
1425 3505 1497 3547 meo,

201 3548 573 3672 tlffl⁰l⁰i2¹⁶²t⁶thhht
586 3563 826 3674 i‘i‘ihssimii
864 3550 1497 3668 &millitisddtlitffl¹¹ltnhtm

200 3677 241 3724 hat
252 3677 332 3724 versus
342 3677 440 3738 planum
460 3677 514 3731 Bb,
533 3690 603 3736 quam
620 3688 766 3736 segmentum
782 3676 825 3735 ipsi
866 3679 926 3725 Gli
942 3679 953 3725 l
971 3688 995 3724 et
1008 3679 1030 3725 G
1045 3679 1071 3725 H
1088 3680 1144 3736 Rh,
1159 3680 1185 3725 in
1202 3632 1358 3739 supqeliiogbus
1374 3686 1499 3744 propositi.

203 3741 293 3804 equale
310 3741 335 3789 in
352 3741 509 3803 hemispherio
522 3740 547 3788 X
562 3742 586 3788 tt
598 3739 625 3797 Ζ,
643 3744 681 3799 (er
693 3741 763 3802 hyp.)
781 3756 831 3787 rer·
864 3743 956 3798 onibus,
967 3743 1166 3803 perpendicularia
1177 3760 1226 3791 esse
1237 3743 1266 3791 sd
1282 3744 1352 3804 plana
1368 3751 1389 3792 Α
1402 3764 1424 3803 n,
1440 3750 1497 3807 Bb,

201 3804 242 3854 ahs
249 3805 347 3868 planum
358 3807 381 3853 A
391 3821 412 3861 a,
421 3805 571 3853 manifestim
578 3815 613 3851 est
621 3819 713 3851 curvem
723 3804 831 3850 deorsum
864 3817 890 3853 ut
902 3806 998 3866 planum
1013 3807 1128 3866 parabolae
1143 3823 1213 3868 quam
1231 3808 1309 3870 gravia
1328 3808 1353 3854 in
1373 3811 1498 3872 hypothesi

200 3869 296 3926 inflecti,
308 3869 407 3933 idedque
418 3869 705 3944 tangenmmeTsrsdio
714 3867 832 3916 incidente
867 3870 960 3917 Gulihei
971 3869 1104 3917 describunt
1123 3872 1314 3931 perpendiculum
1332 3883 1367 3920 est
1386 3877 1416 3922 ad
1435 3877 1498 3923 huri.

181 3934 229 3982 tG
246 3935 274 3990 C.
295 3933 375 3982 versus
391 3948 510 3994 superiora
527 3934 555 3980 Μ
572 3931 685 3980 recedere.
722 3931 833 3978 Similiter
864 3944 963 3980 sontem.
1009 3936 1124 3988 Quaenum
1144 3935 1198 3981 verri
1218 3952 1287 3982 causa
1305 3937 1334 3983 sit
1352 3941 1498 3986 attractionis

202 3999 244 4046 ubi
255 3997 421 4060 corpusculum
435 3999 455 4045 C
467 3998 537 4044 estin
550 3997 562 4042 t
576 3996 639 4057 (3⁰.)
656 3995 716 4044 intrd
726 3995 832 4042 medium
864 4007 906 4044 aut
923 3998 1048 4044 tendentim
1068 3999 1103 4044 rel
1122 3999 1204 4058 impuh
1212 3999 1239 4046 iis
1256 4000 1375 4046 radiorum
1397 4005 1458 4049 lueis
1472 4005 1498 4050 in

203 4062 277 4111 Bbc
290 4064 319 4120 C,
387 4064 406 4108 's
416 4061 515 4109 trahitur
529 4060 608 4108 versit!
624 4060 720 4120 planum
733 4061 753 4107 C
765 4075 786 4116 c,
803 4062 833 4106 ab
864 4077 974 4121 corpora:
994 4062 1039 4108 aliu
1049 4063 1146 4123 questio
1157 4079 1191 4109 est
1202 4079 1272 4124 quam
1289 4065 1327 4110 hic
1343 4067 1435 4126 agitare
1451 4069 1496 4115 mi-

201 4127 264 4174 hem'
292 4077 403 4174 herinffi
425 4126 448 4172 V
469 4126 496 4181 Z,
518 4139 591 4186 quem
612 4124 735 4171 retrahitur
754 4122 833 4170 sersus
865 4126 929 4172 nimd
947 4141 1039 4172 necesse
1056 4136 1097 4182 est,
1115 4126 1208 4187 quisque
1226 4128 1333 4187 sepositi,
1350 4129 1449 4178 interim
1468 4147 1496 4180 ex

201 4189 301 4252 planum
313 4191 335 4240 B
346 4193 370 4248 b,
382 4193 412 4237 ab
422 4189 495 4237 altero
504 4188 659 4248 hemispherio
672 4189 696 4234 X
712 4189 734 4235 tt
747 4189 773 4239 Z.
791 4203 832 4234 eu·
864 4190 932 4236 certis
943 4191 1106 4251 experimentis
1116 4191 1278 4238 mathematici
1289 4190 1497 4254 demonstratione,

198 4255 240 4318 jus
261 4265 411 4318 segmentum
432 4253 448 4300 k
471 4254 494 4301 tt
517 4253 547 4309 t„
567 4253 647 4299 minus
664 4253 741 4306 trahit,
761 4267 832 4315 quam
864 4253 1141 4301 ostensaestrefleaionis
1149 4265 1172 4301 et
1181 4256 1324 4302 retractionis
1332 4258 1498 4319 leae-testum

203 4320 293 4380 ‘quale
314 4327 462 4382 segmentum
485 4317 509 4364 in
531 4315 686 4376 hemispherio
707 4317 731 4362 X
753 4317 777 4360 V
796 4317 831 4373 Z;
865 4317 1062 4381 quemadmodum
1070 4317 1499 4382 semeleognitis(pererperientiaml

201 4383 273 4444 quard
283 4385 386 4446 angulus
399 4382 424 4429 H
437 4393 447 4429 t
457 4381 475 4439 i,
486 4397 557 4443 quem
569 4392 667 4443 tangens
677 4380 691 4426 t'
697 4391 708 4427 t
718 4396 772 4427 cum
782 4395 833 4440 pcr-
865 4383 977 4442 gravitate
988 4393 1057 4442 atque
1069 4383 1163 4428 elaterio
1174 4384 1239 4437 s'eris,
1251 4384 1313 4432 rectd
1323 4387 1378 4447 quis
1389 4404 1502 4437 aseensus

201 4447 328 4507 pendiculo
345 4448 370 4494 Η
385 4448 413 4495 Μ
430 4446 507 4499 efficit,
524 4446 602 4493 adhuc
618 4445 694 4490 minor
711 4455 746 4491 est
762 4461 833 4506 quam
865 4456 889 4491 et
905 4445 1029 4492 descensus
1044 4445 1162 4507 liquorum
1182 4448 1205 4492 in
1225 4448 1287 4494 tubis
1304 4451 1386 4496 vacuis
1404 4469 1501 4501 caum

200 4512 305 4573 ungulus
318 4511 344 4557 11
357 4512 380 4559 T
391 4526 404 4558 e
416 4510 478 4573 (20.)
509 4510 555 4557 Sed
567 4525 621 4556 cum
633 4509 727 4556 tandem
739 4524 833 4567 corpus-
865 4521 935 4571 atquc
947 4510 1022 4571 legem
1034 4510 1202 4557 demonstrasse
1213 4523 1326 4567 censetur,
1345 4513 1405 4561 dum
1423 4533 1454 4563 ex
1474 4519 1503 4565 iis

201 4575 283 4622 culum
291 4576 312 4624 C
320 4575 423 4635 pervenit
434 4575 457 4620 in
469 4591 486 4637 g
497 4573 569 4638 (40.)‚
586 4574 665 4621 locum
676 4590 690 4621 u
701 4573 772 4633 plano
786 4574 806 4619 ll
818 4576 834 4619 b
865 4574 924 4620 n'e'ris
935 4575 1113 4633 proprietatibus
1123 4591 1222 4637 quarum
1234 4592 1315 4624 musas
1330 4579 1432 4640 ignorat.
1451 4584 1503 4631 ha

201 4651 318 4686 remotum
338 4638 446 4686 distantiti
462 4639 564 4686 maximi
582 4640 637 4701 gn
652 4657 686 4684 π
704 4655 719 4700 p
734 4639 765 4696 ll,
782 4648 833 4684 tum
865 4637 1252 4698 phteuomeuaeccumtededuxit
1289 4643 1352 4690 Nam
1366 4644 1439 4708 juxti
1454 4662 1505 4697 rae-
