3098 5534
80 392 270 477 Darium]
416 390 658 460 PRINCIPIA
681 387 1056 457 MATHuMfflcn.
1356 396 1381 456 9

76 599 159 662 pora
171 577 333 656 definitur,
347 575 692 667 etdvulgopromatio
705 574 1052 661 immobiliumrpatur:
1075 574 1384 662 utidimeaaioapatii

75 684 284 763 subterranei,
299 684 383 749 edrai
396 683 446 748 vel
460 683 592 748 coeleatia
605 681 735 746 definita
755 703 814 766 per
828 682 921 745 aitum
944 704 1036 746 auum
1049 681 1091 745 ad
1105 682 1249 747 Terram.
1293 682 1383 748 Idem

76 803 154 855 suut
167 790 307 875 spatium
320 790 497 855 absolutum
512 802 544 855 et
558 789 730 866 relativum,
746 789 849 873 specie
862 801 895 852 et
907 788 1141 876 magnimdiue3
1163 789 1218 853 aed
1232 811 1296 852 non
1310 811 1383 874 per-

77 896 312 961 maeotidem
325 918 451 982 semper
472 918 614 960 numero.
668 895 798 960 Namai
823 895 934 974 Terra,
962 895 1049 959 verbi
1070 896 1181 983 gratia,
1203 907 1382 973 moveatur3

77 1005 216 1088 qratiam
231 1004 326 1068 Aiiria
338 1002 449 1081 nonai,
465 1001 551 1088 quod
565 999 691 1065 relativi
706 1014 738 1064 et
751 1013 893 1086 respectu
908 1001 1020 1066 Terroe
1034 1023 1156 1086 temper
1169 1015 1275 1065 manet
1288 1001 1382 1079 idem,

79 1132 168 1174 nuuc
186 1110 249 1173 erit
261 1131 326 1174 uua
338 1130 412 1195 pam
426 1108 518 1193 spatii
542 1107 675 1172 absoluti
698 1106 732 1170 in
757 1129 851 1192 quam
878 1109 944 1172 Aer
970 1108 1089 1186 transit,
1113 1129 1198 1171 nunc
1223 1106 1285 1171 alia
1307 1129 1383 1192 para

78 1218 165 1302 ajus3
200 1230 232 1280 et
256 1216 302 1279 sic
330 1213 470 1279 absoluti
484 1214 656 1279 mutabitur
668 1211 831 1299 perpetud.

123 1323 192 1388 111.
208 1322 370 1386 Iocuaest
382 1342 456 1406 para
470 1320 560 1405 spatii
575 1342 670 1407 quarn
685 1340 800 1403 corpur
819 1330 961 1403 occupat,
970 1335 1078 1408 estque
1088 1344 1148 1408 pro
1158 1325 1283 1388 ratione
1294 1326 1386 1412 spatii

78 1428 129 1492 vel
143 1427 319 1493 Abaolutua
334 1427 384 1491 vel
409 1426 578 1492 Relativua
632 1426 720 1503 Para,
745 1424 873 1510 inquam
896 1425 1004 1509 spatii3
1034 1447 1099 1489 nou
1125 1427 1210 1491 Situs
1234 1426 1383 1510 corporis,

77 1535 129 1599 vel
154 1534 345 1619 superficies
358 1533 508 1597 ambiens.
553 1532 638 1597 Nam
652 1530 822 1594 solidorum
844 1530 1013 1616 aequalium
1026 1531 1161 1618 aequalea
1175 1553 1298 1616 semper
1312 1543 1386 1597 aunt

79 1641 158 1721 looi;
184 1640 374 1725 Superficies
388 1651 492 1705 autem
506 1638 549 1702 ob
568 1636 851 1703 dissimilitudinem
866 1637 1038 1724 figurarum
1057 1649 1093 1701 nt
1110 1635 1281 1723 plurimrim
1304 1638 1385 1702 inae·

78 1748 188 1835 qmlea
202 1758 293 1824 sunt3
317 1747 402 1811 Situs
416 1767 491 1809 vero
504 1742 631 1829 proprii
645 1742 803 1829 loquendo
820 1743 1023 1829 quantitatem
1037 1765 1106 1828 npn
1130 1743 1257 1822 habent,
1281 1765 1386 1831 nequo

79 1869 145 1919 tam
160 1865 236 1917 mmt
248 1852 319 1916 looa
333 1873 428 1938 quam
442 1849 778 1916 affectioueelocorum.
822 1848 933 1914 Motus
947 1851 1041 1914 totius
1055 1850 1139 1915 idem
1154 1862 1200 1914 eat
1213 1873 1286 1914 eum
1300 1874 1385 1915 sum·

79 1984 133 2026 ma
145 1973 293 2025 motuum
306 1959 454 2043 partium,
477 1956 538 2021 hoo
552 1967 608 2034 est,
624 1955 784 2020 translatio
798 1956 894 2020 totius
907 1955 949 2020 de
963 1979 1020 2021 suo
1044 1957 1115 2021 loeo
1130 1956 1239 2021 eadem
1253 1969 1300 2021 eat
1314 1980 1386 2023 cum

79 2091 205 2132 summa
218 2065 458 2130 translationum
471 2064 608 2148 partium
630 2063 671 2126 do
684 2062 760 2125 locis
785 2062 865 2138 auis3
887 2061 1020 2148 ideoque
1033 2062 1119 2126 locus
1133 2065 1227 2127 totius
1241 2064 1326 2128 idem
1340 2078 1388 2130 eat

80 2197 152 2239 orm
166 2194 294 2238 summa
306 2171 448 2235 locorum
462 2171 610 2255 partium,
624 2180 656 2234 ot
669 2180 836 2254 propterea
849 2166 989 2232 internus
1003 2169 1082 2232 etin
1096 2192 1228 2254 corpore
1242 2182 1319 2236 toto.

123 2282 186 2347 lv.
203 2279 316 2345 Motua
329 2278 501 2344 Absolutus
516 2289 562 2340 eat
584 2276 745 2342 translatio
758 2276 899 2361 eorporis
918 2276 1044 2341 deloco
1058 2277 1201 2342 absoluto
1223 2279 1257 2341 in
1282 2277 1388 2345 locum
1503 2297 1505 2301 ’

82 2387 276 2464 obuolutum,
301 2385 462 2450 Relativus
477 2384 517 2448 de
531 2383 660 2447 relativo
673 2383 707 2446 in
722 2383 894 2447 relativum.
940 2384 993 2449 Sic
1007 2383 1040 2446 in
1052 2384 1209 2470 naviquae
1222 2384 1298 2448 velia
1316 2407 1388 2470 poa·

81 2495 121 2558 sia
135 2495 248 2571 fertur,
265 2491 410 2556 relativus
425 2490 567 2575 corporis
583 2490 687 2554 Locus
701 2502 747 2553 est
761 2489 876 2572 navigii
899 2491 988 2579 regio
1001 2489 1055 2555 illa
1069 2491 1102 2555 in
1117 2490 1177 2578 qul
1191 2514 1305 2576 corpus
1319 2515 1389 2557 ver·

87 2608 185 2672 satur,
201 2618 259 2661 seu
274 2597 415 2663 caritatis
430 2597 525 2662 totius
539 2596 682 2682 pars-illa
695 2616 790 2682 quam
806 2618 919 2688 corpus
933 2597 1051 2682 implet,
1075 2619 1207 2685 quaque
1227 2598 1306 2662 adeo
1320 2622 1389 2664 mo-

83 2724 175 2777 retur
188 2708 256 2775 und
277 2732 349 2775 cum
363 2710 454 2774 navi:
486 2725 518 2774 et
533 2711 632 2787 Quiea
647 2711 773 2776 relativa
795 2723 841 2776 en
862 2704 1045 2789 permansid
1064 2706 1204 2790 corporis
1223 2708 1255 2773 in
1280 2708 1390 2774 eidem

84 2816 137 2881 illi
151 2818 245 2883 uaria
260 2818 389 2905 regione
402 2816 451 2881 ael
464 2830 555 2902 parte
568 2818 715 2881 cavitatia
761 2817 806 2880 At
820 2817 905 2903 quies
920 2836 994 2880 vera
1006 2828 1054 2908 ost
1061 2819 1238 2902 permansio
1252 2817 1393 2902 corporis

84 2923 453 3009 ineidemparteapatii
468 2923 550 2987 illius
564 2923 807 3009 immotiinquir
821 2923 989 3008 navisipaa
1010 2921 1159 2987 unicum
1181 2922 1312 2987 navitate
1335 2923 1392 2988 sui

84 3042 117 3096 et
131 3031 287 3095 mutantia
314 3031 464 3095 universis
488 3043 640 3095 movetur.
701 3029 799 3097 Unde
822 3029 849 3095 ai
872 3030 976 3095 Terra
999 3029 1069 3094 veri
1103 3031 1249 3116 quieaoat,
1280 3051 1394 3114 corpus

86 3137 173 3225 quod
197 3136 325 3202 relativi
349 3137 478 3224 quiescit
491 3137 523 3200 in
548 3139 630 3215 navi,
656 3138 831 3202 movebitur
846 3136 918 3202 vere
932 3149 963 3202 et
988 3136 1128 3202 absoluit
1153 3137 1189 3202 ei
1212 3141 1284 3202 cum
1308 3139 1394 3203 velo·

86 3245 181 3309 citato
194 3243 258 3331 quai
280 3245 368 3308 navis
390 3255 533 3308 movetur
555 3244 589 3309 in
613 3243 724 3309 Tetri.
769 3245 825 3311 sin
850 3244 952 3309 Terra
965 3246 1059 3310 etiarn
1081 3256 1252 3323 moveatur,
1277 3247 1396 3310 orietur

86 3373 180 3416 verua
193 3363 226 3417 et
239 3350 399 3415 absolutus
413 3351 554 3436 oorporia
567 3363 679 3430 motus,
709 3351 825 3436 partim
847 3373 887 3415 ex
903 3351 1014 3416 Terrae
1037 3364 1124 3416 motu
1140 3374 1215 3417 vero
1237 3353 1271 3416 in
1294 3354 1395 3437 spatio

87 3459 230 3535 immoto,
246 3458 362 3542 partim
376 3479 417 3522 ex
430 3458 516 3522 navis
531 3469 619 3521 motu
634 3458 762 3521 relativo
784 3459 818 3522 in
833 3455 951 3522 Tarni:
983 3459 1054 3522 etsi
1077 3479 1189 3543 eorpus
1211 3459 1305 3522 etiam
1326 3480 1396 3524 mo·

87 3576 198 3629 veatur
211 3563 341 3629 relativi
355 3564 389 3627 in
403 3564 485 3642 navi,
501 3565 618 3628 orietur
632 3586 722 3629 verua
731 3567 798 3651 ejus
812 3577 924 3643 motus,
940 3566 1054 3649 partim
1069 3587 1109 3629 ex
1122 3588 1197 3630 vero
1211 3577 1299 3630 motu
1314 3566 1396 3631 Ter-

89 3694 137 3735 re
150 3673 184 3735 iu
198 3672 301 3756 spatio
314 3672 455 3750 immoto,
470 3672 586 3757 partim
601 3694 642 3736 ex
657 3672 791 3737 relativis
804 3672 940 3736 motibus
953 3684 1021 3736 tum
1035 3673 1122 3737 navia
1135 3674 1169 3737 in
1192 3673 1304 3751 Terra,
1328 3685 1396 3737 tum

89 3780 233 3863 eorporis
258 3779 292 3841 in
316 3779 407 3856 uati3
430 3792 461 3842 et
486 3800 529 3844 ox
542 3778 591 3843 hia
612 3780 747 3844 motibus
773 3779 907 3844 relativis
928 3781 1047 3845 orietur
1068 3781 1208 3865 corporis
1221 3796 1324 3844 motus
1346 3802 1397 3844 re·

92 3890 208 3955 latirus
231 3889 266 3951 in
290 3884 402 3951 Terra
474 3885 522 3951 Ut
549 3887 575 3949 si
611 3887 722 3950 Terrte
750 3908 822 3971 para
855 3886 918 3966 illa,
943 3887 998 3951 ubi
1019 3888 1105 3953 navis
1139 3900 1288 3966 vereatur,
1325 3908 1393 3951 mo-

91 4004 204 4056 veatur
228 3989 302 4055 verti
328 3991 362 4055 in
387 3991 540 4056 orientem
569 4014 640 4056 cum
663 3992 824 4059 velocitate
847 3993 984 4079 partium
1014 4003 1136 4071 100103
1169 4007 1200 4057 ot
1221 3993 1296 4057 velia
1320 4014 1397 4058 veu-

92 4112 191 4185 toque
227 4096 346 4165 teram
381 4098 469 4163 navia
504 4098 537 4161 in
571 4097 765 4163 oooidentem
801 4122 872 4163 cum
907 4099 1069 4164 velocitate
1096 4100 1233 4184 partium
1269 4098 1397 4179 deoem3

95 4206 210 4271 Naum
234 4216 338 4269 autem
364 4204 503 4271 ambulet
530 4206 564 4268 in
586 4207 658 4273 navi
681 4206 833 4270 orientem
867 4228 974 4272 versun
1007 4229 1080 4270 eum
1116 4205 1285 4269 velocitatis
1310 4219 1400 4291 parte

94 4311 179 4375 uni:
215 4310 390 4375 movebitur
416 4311 524 4377 Nauta
548 4310 620 4376 vend
656 4324 688 4377 et
710 4311 849 4378 absoluti
875 4314 908 4377 in
933 4314 1033 4399 spatio
1065 4313 1194 4377 immoto
1223 4335 1295 4377 curn
1315 4315 1400 4380 velo·

91 4418 196 4483 uitatis
208 4416 352 4502 partibus
368 4425 471 4485 10001
500 4417 534 4481 ἱιι
559 4418 721 4499 orientem,
747 4430 780 4484 et
792 4417 980 4487 relative.in
1003 4417 1085 4503 terni
1111 4417 1306 4484 occidentem
1329 4444 1399 4486 ver-

93 4523 420 4590 maoumvelocitatia
432 4524 708 4608 partrlrusnovem.
893 4516 924 4573 ‘

94 4706 198 4757 hu.
232 4705 737 4772 wimundiquoduquabili
769 4707 1059 4771 poriapunctumlluerot,
1073 4709 1406 4773 spatiaqueobaodeaaripta

94 4769 736 4829 &hamathaeum-modoseren-
768 4772 1201 4837 l'oreottemponlruaproportionalia
1215 4775 1271 4840 (ης
1293 4776 1406 4841 eolgiou

863 4857 879 4897 ἢ
