3098 5534
132 441 248 506 Lutea
258 441 423 554 strettun]
455 441 697 509 PRINCIPIA
720 437 1093 507 MATHEMATICA.
1351 448 1414 508 255

132 608 226 698 quim
248 613 350 700 figura
371 613 503 700 cylindri
524 615 632 679 eidem
656 614 808 679 dimetro
833 614 989 699 descripti.
1036 613 1076 679 ln
1100 614 1235 678 motibus
1258 613 1415 678 velocibus

132 720 304 784 resistentia
318 732 423 805 potest
436 743 504 785 esse
517 720 612 807 pauld
626 723 735 807 major,
756 735 920 808 propterea
934 720 1019 807 quod
1034 722 1198 786 elastieitas
1212 734 1245 786 et
1258 744 1415 807 compres-

132 831 178 896 sio
191 831 280 894 fluidi
305 833 344 917 (¹²)
360 855 424 897 non
446 845 618 919 augeantur
634 834 669 896 iu
687 832 843 916 duplicati
864 832 984 897 ratione
1005 831 1185 898 velocitatis.
1231 831 1295 897 Sed
1308 832 1415 918 hujus-

130 938 218 1003 modi
231 941 379 1004 minutias
390 940 446 1005 ,hic
458 963 524 1004 nou
540 941 695 1026 expendo.
1287 961 1295 975 ·

175 1048 218 1112 Et
232 1047 372 1134 quamvis
387 1051 449 1123 aiir,
465 1071 556 1135 aqua,
572 1058 736 1135 argentum
749 1047 854 1110 vivum
868 1058 900 1110 et
914 1046 1025 1111 similia
1038 1046 1144 1124 fluida,
1160 1068 1218 1132 per
1231 1045 1415 1110 divisionem

128 1157 264 1239 partium
279 1156 312 1217 in
327 1155 492 1231 infinitum,
509 1154 741 1218 subtiliarentur
755 1165 787 1218 et
797 1153 909 1218 fierent
921 1152 1025 1217 media
1037 1152 1158 1218 infinite
1171 1153 1286 1228 fluida3
1308 1163 1414 1216 tamen

129 1261 230 1348 globis
245 1262 391 1346 projectis
405 1260 491 1324 haud
505 1261 609 1324 minus
623 1259 810 1325 resisterent.
858 1259 942 1322 Nam
963 1260 1144 1338 resistentia,
1169 1259 1209 1324 de
1230 1258 1292 1345 quai
1311 1259 1414 1346 agitiu

129 1371 161 1433 in
184 1371 453 1456 Propositionibus
475 1370 736 1456 praecedentibus,
762 1370 862 1433 oritur
880 1369 921 1432 ab
940 1368 1052 1432 inertia
1070 1368 1227 1444 materiae3
1249 1381 1281 1433 et
1301 1367 1413 1432 inertia

128 1481 266 1544 materiae
288 1481 471 1567 corporibus
489 1478 661 1544 essentialis
674 1490 723 1543 est
742 1490 774 1542 et
795 1477 959 1564 quantitati
980 1477 1117 1541 materiae
1139 1499 1261 1560 semper
1281 1497 1413 1561 propor-

128 1587 260 1652 tionalis.
306 1587 370 1653 Per
383 1587 568 1651 divisionem
581 1585 719 1672 partium
732 1583 831 1661 fluidi,
847 1584 1021 1648 resistentia
1031 1605 1102 1669 quae
1113 1583 1211 1662 oritur
1221 1583 1413 1649 ateuasitata

127 1707 160 1759 et
173 1695 316 1760 frictione
338 1696 475 1781 partium
496 1694 629 1759 diminui
650 1693 777 1780 quidem
797 1704 918 1777 potest:
944 1693 999 1757 sed
1023 1694 1177 1778 quantitas
1197 1693 1335 1758 materiae
1356 1713 1413 1776 per

127 1801 311 1865 divisionem
332 1803 468 1886 partium
483 1801 550 1886 ejus
564 1821 629 1864 non
644 1799 845 1875 diminuitur3
867 1812 899 1864 et
912 1814 1057 1864 manente
1078 1800 1249 1885 quantitate
1263 1799 1411 1876 materiae,

127 1920 233 1971 manet
247 1909 313 1992 ejus
328 1909 375 1971 vis
389 1907 520 1986 inertiae,
542 1907 594 1970 cui
608 1904 791 1982 resistentia,
807 1905 848 1969 de
862 1903 923 1990 qud
937 1904 989 1968 hic
1003 1904 1116 1992 agitio,
1138 1926 1260 1989 semper
1280 1925 1412 1987 propor-

126 2020 250 2083 tionalis
265 2032 322 2084 est.
369 2020 416 2086 Ut
428 2020 499 2082 haec
512 2017 687 2083 resistentie
700 2015 903 2093 diminuatur,
920 2013 1052 2079 diminui
1066 2014 1161 2079 debet
1175 2013 1331 2099 quantitas
1346 2034 1412 2076 ma·

126 2127 213 2191 teriae
228 2128 260 2190 in
275 2126 382 2211 spatiis
396 2149 455 2212 per
469 2146 539 2213 quae
554 2146 687 2210 corpora
700 2136 874 2189 moventur.
912 2123 956 2187 Et
969 2137 1136 2208 propterea
1149 2123 1249 2207 spatia
1263 2121 1411 2200 caelatis,

126 2255 184 2317 per
199 2254 270 2318 quae
284 2233 371 2320 globi
385 2233 581 2317 planetarum
595 2243 628 2296 et
641 2245 833 2296 cometamur
848 2231 881 2293 in
895 2251 1004 2294 omnes
1014 2242 1119 2315 partes
1130 2228 1287 2294 liberrime
1300 2241 1334 2294 et
1346 2228 1413 2293 sine
1468 2246 1478 2265 ·

128 2341 213 2402 omni
237 2353 344 2404 motus
368 2337 576 2403 diminutione
597 2336 735 2402 sensibili
748 2348 901 2421 perpetuo
922 2348 1096 2414 mouentum,
1120 2335 1217 2400 fluido
1236 2335 1322 2399 omni
1343 2355 1412 2398 cor·

127 2468 227 2530 pareo
241 2427 461 2525 destituuntur,
478 2446 503 2510 si
518 2445 597 2510 forte
612 2464 742 2529 vapores
755 2441 849 2530 longe
860 2442 1055 2507 tenuissimos
1069 2454 1102 2507 et
1115 2440 1348 2527 trajectoslueis
1362 2461 1412 2504 re·

126 2551 195 2615 dios
211 2553 360 2638 excipias.
941 2637 943 2643 Ι

171 2659 348 2746 Projectilia
368 2661 476 2749 utique
498 2673 619 2726 motum
640 2661 723 2727 cieut
741 2661 775 2725 in
795 2660 899 2725 fluidis
920 2659 1160 2748 progrediendo,
1184 2669 1216 2723 et
1236 2656 1289 2720 hic
1308 2667 1411 2722 motus

126 2768 226 2833 oritur
239 2771 279 2834 ab
294 2792 423 2836 excessu
436 2770 605 2854 pressionis
620 2769 709 2833 fluidi
724 2768 766 2833 ad
779 2768 948 2854 projectilis
962 2780 1067 2853 partes
1081 2768 1200 2831 anticas
1215 2786 1311 2848 supra
1324 2785 1411 2848 pres·

122 2876 245 2939 sionem
260 2876 301 2940 ad
315 2879 381 2962 ejus
394 2891 499 2963 partes
514 2881 658 2964 posticas,
679 2894 712 2946 et
725 2903 791 2945 non
804 2882 908 2945 minor
921 2903 988 2946 esse
1002 2892 1105 2966 potest
1118 2882 1150 2944 in
1165 2877 1276 2943 mediis
1290 2876 1421 2942 infinita*

124 2981 227 3045 fluidis
242 3005 334 3068 quam
351 2984 384 3046 in
399 2988 481 3062 a'e're‚
497 2985 577 3072 aquai
588 2991 620 3050 et
633 2999 764 3074 argento
779 2986 922 3070 vivo‘pro
936 2985 1088 3050 densitate
1101 2984 1242 3049 materiae
1256 2983 1411 3069 insingu-

124 3087 174 3150 lis.
198 3087 265 3151 Hic
276 3100 380 3153 autem
390 3091 558 3175 pressionis
569 3113 725 3171 excessus,
740 3114 799 3178 pro
816 3093 986 3178 quantitate
1001 3091 1066 3169 sui,
1078 3112 1142 3155 non
1157 3092 1278 3155 tantum
1291 3101 1412 3152 motum

125 3194 186 3256 ciet
199 3193 233 3256 in
247 3194 355 3272 fluido,
372 3196 410 3279 (⁰)
424 3196 481 3260 sed
496 3197 589 3261 etiam
604 3197 668 3285 agit
681 3198 715 3261 in
728 3197 889 3282 projectile
903 3197 944 3260 ad
958 3209 1077 3260 motum
1092 3198 1158 3281 ejus
1173 3192 1410 3259 retardandum:

126 3314 157 3365 et
167 3315 334 3386 propterea
349 3306 563 3371 resistentiam
574 3308 660 3371 omni
669 3307 768 3372 fluido
782 3321 830 3372 est
844 3318 880 3370 ut
893 3319 995 3370 motus
1006 3306 1039 3369 in
1049 3305 1147 3369 fluido
1157 3328 1177 3368 a
1190 3302 1344 3389 projectili
1354 3323 1411 3367 ex-

126 3412 247 3489 citatus,
263 3434 321 3477 nec
336 3415 439 3477 minor
453 3438 520 3480 esse
532 3401 636 3500 potest
645 3418 679 3480 in
693 3417 809 3481 aethere
824 3416 1022 3481 subtilissimo
1036 3438 1095 3500 pro
1110 3415 1261 3480 densitate
1275 3411 1410 3490 aedrerb,

125 3540 219 3606 quam
233 3520 266 3582 in
280 3524 362 3599 a‘e're,
378 3522 457 3610 aqud
473 3537 504 3587 et
519 3538 648 3611 argento
662 3526 733 3588 vivo
746 3547 806 3610 pro
820 3525 1025 3590 densitatibus
1038 3525 1152 3589 horum
1165 3521 1344 3587 fluidorum.

128 3690 180 3739 Lib
191 3694 228 3740 Π.
239 3704 262 3740 et
271 3693 294 3740 in
303 3694 451 3756 sequentibus
462 3694 661 3756 propositionibus
669 3711 755 3758 suppo-
786 3699 888 3753 adratis
905 3696 929 3743 in
940 3695 987 3759 qul
997 3704 1076 3744 umen
1090 3695 1172 3759 sugeri
1187 3693 1304 3752 deberem
1321 3693 1356 3741 uti
1371 3707 1411 3740 a·

127 3757 198 3804 situm
214 3768 257 3815 est,
273 3758 339 3819 globi
350 3768 374 3805 et
384 3759 490 3819 cylindri,
507 3774 608 3822 quorum
624 3760 706 3808 eedem
720 3769 757 3808 cst
787 3761 888 3820 positum
899 3771 934 3807 aa
943 3761 968 3807 iu
979 3761 1138 3820 experimento
1151 3764 1188 3807 la.

126 3819 246 3877 diaruetar,
258 3822 371 3882 aqualem
383 3837 432 3869 esse
442 3823 601 3870 resistentiam.
816 3824 851 3885 (⁰)
864 3829 877 3854 ·
890 3827 933 3872 Sed
948 3828 1016 3874 dium
1035 3828 1082 3887 ogit
1099 3826 1124 3874 ia
1137 3823 1261 3886 prp‘actile,
1277 3836 1319 3883 per
1333 3818 1411 3868 matt·
1459 3806 1470 3822 l

159 3885 194 3949 (¹¹)
208 3889 221 3916 '
235 3887 291 3934 Non
302 3888 469 3948 rugosarum
480 3884 599 3948 duplicctd
615 3889 701 3936 ratione
716 3903 752 3936 re·
786 3887 876 3951 Legem
887 3887 939 3935 111.
956 3929 958 3932 .
995 3915 999 3923 -
