3098 5534
142 403 256 469 Lmen
270 402 435 482 Saeuum]
467 401 710 469 PRINCIPIA
734 404 1106 473 MATHEMATICA.
1372 416 1435 479 267

141 577 267 654 canalis,
284 576 337 640 hic
347 598 412 640 non
427 577 603 641 considero.
626 577 805 665 Designent
819 578 915 664 igitur
924 579 956 642 A
967 579 1006 654 B,
1020 579 1048 643 C
1058 579 1092 643 D
1101 579 1290 644 mediocrem
1299 580 1437 645 altitudi

140 707 214 748 nem
225 706 315 770 aquae
325 680 357 746 id
369 706 460 748 crure
470 696 622 769 utroque3
637 698 671 748 et
685 684 740 747 ubi
754 707 835 769 aqua
848 685 880 747 in
892 707 984 748 crure
1002 685 1033 748 K
1045 686 1075 750 L
1090 686 1230 750 ascendit
1243 687 1285 750 ad
1299 686 1436 751 altitudi-

139 813 214 854 nem
227 792 300 867 EF,
311 790 508 855 descenderit
519 814 600 876 aqua
610 791 643 854 in
654 812 746 854 crure
760 791 798 855 M
809 792 841 855 N
851 792 891 855 ad
900 791 1097 856 altitudinem
1110 793 1142 856 G
1154 793 1201 856 H.
1234 793 1282 858 Sit
1292 805 1396 857 autem
1407 795 1435 859 P

138 922 253 984 corpus
268 900 451 984 pendulum,
469 900 500 960 V
513 899 540 963 P
554 898 653 975 filum,
677 899 707 960 V
721 911 873 982 punctum
890 899 1113 981 suspensionis,
1139 899 1170 963 R
1187 899 1215 963 P
1230 899 1264 975 Q
1280 901 1303 964 S
1318 900 1434 985 cyclois

138 1029 232 1092 quarn
247 1005 419 1090 pendulum
435 1005 600 1082 describat,
620 1005 729 1089 Pejus
743 1019 895 1087 punctum
909 1006 1063 1082 infimum,
1081 1006 1109 1070 P
1125 1005 1159 1081 Q
1172 1028 1263 1071 arcus
1277 1006 1434 1072 altitudini

139 1118 170 1179 A
187 1115 216 1178 E
230 1114 369 1200 aequalis.
415 1114 481 1189 Vis,
505 1113 566 1198 qui
582 1126 685 1176 motus
699 1133 790 1197 aquae
804 1112 934 1175 alternis
949 1112 1067 1176 vicibus
1082 1113 1276 1178 acceleratur
1290 1127 1321 1178 et
1335 1127 1433 1178 retar-

137 1223 238 1299 datur,
263 1235 311 1285 est
326 1243 472 1285 excessus
486 1219 635 1304 ponderis
650 1240 740 1304 aqua²
756 1219 789 1281 in
803 1217 954 1282 alterutro
969 1240 1059 1281 crure
1075 1240 1170 1302 supra
1183 1218 1310 1302 pondus
1331 1220 1365 1283 in
1386 1221 1432 1285 al·

134 1348 214 1412 tero,
231 1334 374 1419 ideisque,
400 1333 452 1397 ubi
468 1354 549 1417 aqua
562 1332 597 1394 in
612 1352 703 1394 crure
720 1329 752 1394 K
768 1329 798 1395 L
813 1328 953 1393 ascendit
967 1328 1008 1392 ad
1025 1328 1055 1392 Ε
1072 1329 1108 1408 F,
1132 1341 1164 1393 et
1178 1329 1210 1392 in
1227 1351 1319 1395 crure
1334 1330 1433 1395 altero

130 2560 291 2624 descendit
306 2560 345 2625 ad
362 2559 395 2626 G
412 2561 459 2636 H,
485 2560 519 2645 (¹)
535 2561 580 2625 vis
596 2561 649 2625 illa
664 2573 710 2626 est
725 2561 849 2647 pondus
872 2561 1064 2646 duplicatum
1087 2583 1176 2647 aquae
1193 2561 1223 2626 E
1240 2561 1269 2626 A
1288 2562 1316 2625 Β
1335 2561 1372 2638 F,
1396 2571 1430 2624 et

129 2684 295 2753 propterea
310 2684 357 2734 est
370 2670 410 2732 ad
427 2670 550 2754 pondus
566 2695 657 2757 aquae
672 2671 767 2736 totius
782 2685 817 2737 ut
831 2674 863 2737 A
875 2673 905 2735 E
919 2696 975 2736 seu
991 2672 1061 2748 PQ
1076 2671 1115 2756 (¹¹)
1131 2672 1172 2736 ad
1188 2672 1219 2735 V
1232 2673 1258 2736 P
1275 2669 1370 2735 seuP
1387 2670 1428 2734 R.

130 2780 187 2842 Vis
210 2782 312 2857 etiarn,
338 2774 398 2866 (jusi
422 2781 546 2864 pondus
571 2782 598 2845 P
619 2782 651 2845 in
674 2783 745 2845 loco
767 2784 876 2867 quovis
892 2782 925 2858 Q
940 2782 1131 2846 acceleratur
1146 2795 1178 2847 et
1193 2781 1373 2846 retardatur
1393 2778 1429 2841 in

129 2887 269 2972 cycloide
287 2893 356 2971 (per
373 2886 483 2950 Corol.
501 2887 597 2972 Prop.
614 2888 686 2969 Ll.)
702 2901 750 2952 est
765 2888 805 2951 ad
821 2891 887 2973 ejus
902 2889 1026 2972 pondus
1042 2900 1152 2965 totum,
1176 2901 1212 2952 ut
1226 2890 1293 2973 ejus
1309 2886 1428 2951 distan-

127 2994 171 3058 tia
188 2994 215 3057 P
231 2994 264 3070 Q
279 3017 297 3056 a
312 2993 382 3056 loco
398 2993 507 3056 infimo
524 2993 560 3070 P,
577 2995 618 3057 ad
629 2990 782 3080 'cycloidis
798 2994 1025 3080 longitudinem
1041 2994 1069 3059 P
1085 2995 1126 3059 R.
1173 2995 1281 3071 Quare
1292 3015 1384 3080 aquae
1395 3005 1428 3057 et

128 3103 270 3187 penduli,
295 3104 428 3190 aequalia
449 3104 549 3188 spatia
565 3105 596 3169 A
611 3104 650 3180 Ε,
671 3104 698 3167 Ρ
714 3104 748 3180 Q
763 3103 1015 3182 describentium,
1041 3104 1121 3167 vires
1135 3104 1281 3167 motrices
1297 3113 1371 3166 sunt
1391 3115 1429 3165 ut

127 3213 268 3296 pondera
283 3216 456 3290 movenda3
473 3214 506 3299 (¹)
522 3215 665 3300 ideoque,
683 3215 709 3278 si
724 3237 805 3300 aqua
815 3225 847 3277 et
857 3213 1031 3297 pendulum
1041 3214 1074 3276 in
1083 3213 1238 3297 principio
1249 3213 1425 3298 quiescunt,

129 3324 211 3386 vires
228 3324 289 3386 illoe
305 3324 475 3388 movebunt
495 3324 604 3388 eadem
626 3324 787 3409 aequaliter
809 3323 1002 3407 temporibus
1023 3321 1206 3407 aequalibus,
1231 3321 1426 3406 efficientque

128 3443 163 3493 ut
179 3443 266 3493 motu
282 3431 444 3514 reciproco
458 3431 551 3494 simul
566 3443 638 3493 eant
652 3444 684 3494 et
700 3429 838 3494 redeant.
885 3429 927 3504 Q.
943 3451 970 3491 e.
986 3428 1018 3491 d.

175 3538 275 3600 Corol.
295 3545 322 3599 l.
347 3537 449 3622 Igitur
464 3559 554 3622 aquae
569 3537 765 3600 ascendentis
780 3549 811 3600 et
826 3534 1054 3612 descendentis,
1077 3535 1141 3599 sive
1156 3546 1259 3598 motus
1274 3532 1425 3598 intensior

127 3643 167 3705 sit
182 3643 245 3706 sive
260 3642 428 3719 remissior,
446 3642 528 3706 vices
545 3665 653 3707 omnes
669 3657 742 3707 sunt
755 3642 940 3706 isochronae.

172 3754 271 3817 θοι-οἰ.
288 3762 318 3816 2.
342 3755 375 3818 si
390 3751 555 3840 longitudo
570 3774 660 3839 aquae
675 3752 770 3817 totius
785 3753 818 3815 in
833 3751 933 3815 canali
947 3752 988 3815 sit
1002 3751 1119 3835 pedum
1144 3749 1355 3814 Parisiensum
1371 3752 1422 3832 δᾶ.

158 3965 215 4028 (1)·
235 3968 270 4014 Va
282 3968 321 4014 illu
332 3976 365 4014 est
374 3969 465 4028 pondus
476 3967 631 4028 triplicatum,
642 3965 685 4013 &a
718 3961 763 4012 Est
794 3975 817 4012 et
829 3963 853 4010 in
864 3961 967 4025 cycloide
978 3971 1101 4025 sequamur
1116 3958 1248 4022 respectird.
1284 3961 1329 4009 Sed
1346 3964 1423 4010 obser·

125 4030 188 4074 enim
202 4029 235 4075 vis
247 4030 287 4076 ills
298 4029 391 4089 pondus
401 4040 449 4077 tarn
461 4046 528 4094 aqua
542 4030 564 4077 E
580 4031 603 4077 A
617 4029 678 4085 BF,
690 4044 762 4092 quern
794 4028 897 4075 nudum
908 4038 943 4074 est
953 4027 1097 4086 superficiem
1112 4028 1135 4073 A
1147 4028 1177 4082 B,
1189 4026 1324 4074 molucam
1333 4025 1423 4088 aquili·

128 4109 195 4154 apua
208 4095 305 4156 aequalis
319 4095 338 4142 C
354 4096 376 4141 G
391 4095 417 4141 ll
432 4095 464 4141 D.
792 4092 846 4148 brii,
859 4091 889 4138 ad
899 4107 969 4154 quem
981 4106 1035 4138 cunr
1046 4105 1107 4153 aqna
1116 4091 1227 4153 pervenit,
1246 4090 1311 4136 nulli
1322 4089 1423 4150 amplius

159 4156 195 4218 (ἱ)
209 4162 221 4187 ·
236 4161 275 4205 Aa
293 4160 346 4206 VI’
356 4176 395 4206 seu
409 4162 432 4205 P
443 4161 474 4205 R.
512 4156 673 4218 Semi-cyclois
690 4156 712 4202 P
727 4157 758 4213 R,
792 4157 815 4203 ri
832 4155 992 4202 acceleranice
1009 4162 1114 4216 urgetur,
1133 4153 1174 4201 sed
1193 4153 1314 4201 velocitate
1329 4163 1432 4201 tuntum·

125 4221 222 4282 aqualis
232 4233 267 4268 est
278 4220 419 4284 longitudini
431 4222 537 4282 penduli,
552 4225 605 4285 (per
618 4222 672 4269 Cor.
686 4221 756 4281 l’mp.
790 4218 903 4282 acquisiti
919 4219 1017 4265 ulterius
1032 4217 1152 4266 descendit
1167 4217 1202 4265 vel
1219 4218 1336 4275 ascendit3
1354 4217 1422 4265 sicuti

125 4284 155 4332 1..
173 4285 224 4331 Lib.
243 4286 285 4346 l.).
793 4299 877 4344 corpus
893 4282 1022 4343 pendulum
1037 4281 1126 4329 Pdum
1143 4283 1246 4342 pervenit
1256 4281 1280 4327 in
1292 4281 1370 4328 locum
1381 4296 1422 4343 cy.

158 4349 187 4412 (¹)
201 4355 254 4395 313.
277 4352 289 4378 ⁸
305 4350 410 4411 meique,
423 4352 442 4397 si
452 4367 514 4412 aqua
529 4359 550 4396 et
559 4352 697 4411 pendulum,
715 4350 757 4397 dc.
792 4347 874 4396 cloidis
883 4346 992 4393 infimum
1006 4347 1027 4393 P
1043 4345 1091 4393 soli
1108 4346 1228 4392 velocitate
1243 4345 1354 4407 acquisitis
1369 4360 1421 4394 mo·

126 4411 156 4460 Id
174 4413 376 4460 evidentissimum
393 4413 420 4459 lit
439 4413 457 4459 si
475 4414 568 4472 pondus
587 4414 607 4460 Ρ
623 4412 694 4475 quod,
711 4428 761 4459 ms-
794 4423 866 4459 vetur.
910 4409 980 4458 Unde
1001 4425 1049 4472 quo
1072 4421 1175 4469 tempore
1199 4424 1259 4471 sque
1283 4409 1420 4457 descensum

124 4487 195 4523 nante
211 4476 364 4523 oscillatiouis
375 4476 446 4523 unius
457 4488 561 4536 tempore
573 4486 647 4536 potest
658 4475 688 4523 cd
699 4476 759 4523 orbi·
794 4491 869 4522 unum
886 4473 983 4522 absolvit
994 4474 1019 4519 in
1030 4488 1096 4521 crure
1107 4473 1217 4520 alterutro
1227 4473 1320 4530 anuis.
1337 4473 1420 4522 eodem

123 4541 196 4587 trium
219 4540 315 4594 mutui,
338 4541 443 4600 cupiatur
464 4541 555 4601 equale
575 4539 672 4600 ponderi
692 4555 760 4601 qun
791 4549 896 4599 tempore
910 4537 1040 4598 pendulum
1051 4537 1218 4586 miledunum
1234 4553 1306 4586 unum
1322 4554 1351 4586 er
1367 4537 1419 4586 dos·

124 4605 197 4651 totius
209 4605 232 4650 in
246 4604 336 4662 canali5
349 4604 400 4651 tltm
412 4604 474 4652 enim
482 4607 543 4650 sires
553 4605 668 4659 murices,
679 4617 760 4651 massa
791 4618 863 4650 censu
874 4611 898 4649 et
908 4617 1005 4648 mcensu
1016 4601 1167 4661 compositam
1178 4601 1275 4662 perficit,
1291 4600 1350 4650 dues
1365 4601 1420 4649 serti

125 4668 254 4723 movendo,
267 4679 291 4716 et
301 4669 374 4729 spatia
384 4667 542 4724 dmcnbendu,
554 4667 653 4730 ideoque
663 4677 687 4716 et
698 4677 756 4714 tem·
790 4667 944 4715 oscillatione·
959 4666 1056 4713 absolvit
1071 4665 1216 4713 intercedam
1232 4682 1292 4729 ψ
1302 4681 1316 4714 e
1327 4667 1378 4714 loco
1396 4666 1419 4714 E

121 4746 178 4792 pon
196 4733 282 4796 quibus
305 4731 379 4794 spatio
395 4731 436 4780 tta
453 4730 623 4788 desm’bnntur,
640 4729 666 4778 in
682 4731 758 4779 mooli
789 4727 1174 4779 daoeaditottdsundemredit.
