3098 5534
122 417 234 481 Lmen
251 416 415 496 Parnon]
482 415 1118 486 PRINCIPIAMATHEMATICA.
1340 431 1404 488 415

118 596 265 675 colerem,
281 596 414 660 alterum
428 595 539 660 iisdem
553 594 746 680 parallelum.
792 595 849 660 Vis
863 595 1056 659 attractionis
1071 595 1120 658 vel
1133 595 1294 679 impulsus,
1310 617 1406 684 egen-

118 705 161 768 do
172 704 347 769 secundum
361 704 459 767 lineas
473 704 758 788 perpendiculares,
773 703 819 766 nil
832 715 933 768 mutat
946 717 1067 768 motum
1082 704 1252 768 secundum
1275 705 1404 789 peralle-

116 813 175 892 las,
191 826 223 879 et
236 826 403 899 propterea
417 836 533 898 corpus
546 813 608 879 hoc
621 825 709 877 motu
724 812 868 885 conficiet
881 814 1054 899 {equalibus
1068 813 1260 897 temporibus
1274 813 1406 898 aequelie

117 923 172 985 illa
186 922 358 986 secundum
375 921 540 1006 parallelas
554 919 726 997 intervalla,
742 942 813 1005 quoe
827 932 901 984 sunt
914 921 996 985 inter
1016 920 1130 984 lineam
1153 921 1183 984 A
1200 920 1233 984 G
1255 931 1287 984 et
1308 941 1406 1004 punc-

117 1044 187 1095 tum
203 1032 251 1109 H,
268 1033 410 1116 interque
425 1042 576 1115 punctum
592 1028 610 1094 I
632 1042 663 1092 et
684 1029 797 1092 lineam
812 1027 834 1090 d
851 1028 903 1104 K3
926 1029 965 1111 (²¹)
979 1027 1112 1107 honest,
1135 1028 1306 1114 equalibus
1327 1028 1424 1092 tem?

118 1139 248 1222 poribus
263 1138 420 1202 describet
433 1137 530 1201 lineas
546 1135 580 1201 G
595 1136 642 1213 H,
665 1135 681 1198 1
700 1135 741 1199 K.
787 1135 925 1200 Proinde
946 1137 1092 1201 velocitas
1112 1149 1184 1201 ante
1205 1135 1406 1199 incidentium
1480 1132 1483 1139 ’

119 1258 168 1310 est
181 1246 222 1310 ad
235 1247 430 1312 velocitatem
444 1256 517 1329 post
530 1244 761 1329 emergentium,
778 1254 813 1306 ut
827 1242 860 1306 G
876 1242 913 1307 H
927 1243 969 1306 od
984 1243 1000 1308 Ι
1017 1244 1049 1308 Κ
1064 1243 1115 1308 vel
1128 1243 1161 1306 T
1176 1243 1223 1320 H,
1247 1244 1286 1327 (⁰)
1300 1242 1334 1305 id
1348 1253 1404 1319 est,

119 1364 155 1415 ut
170 1353 201 1416 A
217 1353 255 1417 Η
270 1353 320 1416 vel
335 1353 352 1416 l
366 1352 388 1415 d
404 1351 444 1415 ad
458 1374 478 1414 v
494 1351 542 1427 H,
567 1349 629 1412 hoc
654 1361 702 1413 est
727 1353 883 1434 (respectu
905 1349 983 1413 redii
1001 1350 1033 1414 T
1048 1349 1086 1414 H
1100 1350 1150 1415 vel
1165 1351 1182 1415 1
1200 1349 1244 1430 K)
1267 1349 1405 1434 (1²)sinus

119 1458 319 1546 emergentiae
332 1457 374 1522 ad
389 1456 491 1523 sinum
506 1455 693 1520 incidentioe.
737 1454 781 1532 Q.
796 1476 824 1519 e.
840 1453 872 1518 d.

234 1706 241 1722 ’
356 1746 640 1831 Pnorosnro
663 1746 787 1813 xcvr.
812 1722 1104 1831 ¹nuncnune
1125 1748 1165 1813 L.

118 1945 226 2009 Iisdem
234 1928 354 2028 positil,
370 1943 410 2028 (l)
425 1952 454 2006 et
469 1943 547 2026 qnod
560 1950 651 2004 motus
664 1949 735 2003 ante
760 1939 950 2004 incidentium
972 1943 1098 2004 velocior
1122 1943 1163 2006 sit
1182 1963 1268 2024 quun
1285 1952 1402 2033 posteo,

161 2056 227 2118 dico
241 2055 319 2138 qnod
331 2073 444 2135 cmpm,
461 2052 633 2113 inclinando
646 2052 753 2112 lineum
769 2051 946 2127 incidentiae,
962 2052 1124 2138 rqtectetnr
1145 2053 1273 2128 tandem,
1296 2061 1324 2113 et
1347 2073 1405 2114 an·

158 2165 244 2249 gntus
257 2160 487 2248 rssenionisfiet
501 2160 624 2242 equalis
637 2160 747 2243 uirgato
761 2159 938 2223 incidentiae.

163 2358 246 2423 Nam
266 2357 398 2441 concipe
420 2378 533 2440 corpus
555 2354 636 2419 inter
659 2352 807 2438 parallelo
829 2353 923 2438 plana
938 2354 967 2418 A
983 2378 1012 2432 a,
1029 2355 1104 2432 Bb,
1123 2355 1192 2429 (Σο,
1208 2356 1264 2420 &e
1288 2354 1406 2423 descn'.

118 2465 192 2529 bere
207 2487 296 2529 arcus
312 2463 515 2548 parabolicos,
531 2473 567 2526 ut
581 2482 695 2545 supra;
718 2461 841 2547 sintque
855 2482 945 2526 arcus
960 2459 1005 2525 illi
1028 2461 1065 2525 H
1080 2462 1117 2540 P,
1136 2462 1168 2549 P¹
1178 2462 1221 2540 Q,
1239 2462 1272 2538 Q
1288 2464 1329 2542 R,
1344 2462 1405 2529 &n

119 2574 162 2638 Et
176 2576 216 2638 sit
233 2597 271 2638 ea
285 2575 383 2638 ilineae
405 2574 482 2637 inci·

118 2681 232 2745 dentiae
248 2682 282 2746 G
295 2682 331 2746 H
347 2680 481 2767 obliqui·
584 2719 627 2788 G,

119 2800 165 2854 tas
191 2788 386 2873 adplenum
414 2787 479 2871 pri-
744 2828 782 2894 Η

118 2918 205 2959 mum
228 2896 259 2958 A
281 2918 310 2972 a,
336 2907 372 2959 ut
394 2895 479 2957 sinus
514 2859 549 2981 ’ᾗ
1163 2841 1195 2904 h
1365 2902 1392 3017 ἰ

117 3006 295 3069 incidentiae
310 3005 349 3067 sit
370 3004 410 3067 ed
430 3025 479 3067 ra·
526 2995 550 3050 C
1369 3030 1385 3070 r

119 3112 481 3195 diumcirouli‚cujusest
530 3061 562 3192 ii
1295 3073 1388 3180 *i

120 3219 215 3294 sinus,
241 3218 273 3279 in
300 3216 335 3280 eri
361 3217 481 3279 ratione

120 3349 213 3413 quam
226 3325 322 3388 habet
336 3324 418 3387 idem
434 3325 518 3388 sinus
534 3323 712 3390 incidentioe
727 3326 767 3389 ad
783 3325 886 3391 sinum
900 3319 1099 3413 emergentioe
1113 3345 1154 3390 ex
1167 3327 1262 3410 plano
1277 3327 1311 3391 D
1325 3325 1356 3401 d,
1372 3325 1405 3388 in

120 3435 254 3518 spatium
269 3433 303 3496 D
318 3432 340 3494 d
355 3455 372 3495 e
389 3433 436 3495 E:
460 3447 492 3496 et
507 3434 548 3497 ob
563 3418 665 3497 sinum
688 3434 887 3520 emergentiae
904 3435 972 3518 jum
994 3432 1109 3496 suctum
1130 3433 1281 3518 oequulem
1307 3430 1406 3510 radio,

119 3542 251 3628 ungulus
266 3541 466 3627 emergentioe
480 3542 540 3604 erit
554 3556 667 3618 rectus,
684 3539 817 3627 ideoque
835 3541 919 3604 linea
940 3541 1139 3627 emergentiae
1160 3539 1315 3604 coincidet
1335 3560 1408 3610 cum

120 3650 215 3735 plano
229 3648 263 3712 D
278 3648 310 3713 d.
357 3648 522 3712 Perveniat
537 3670 649 3732 corpus
664 3648 705 3712 ad
719 3648 781 3712 hoc
795 3647 925 3732 plenum
946 3647 981 3710 in
1003 3660 1120 3731 puncto
1136 3647 1187 3724 R3
1209 3661 1241 3711 et
1262 3647 1408 3732 quoniam

119 3760 202 3823 linea
217 3758 415 3845 emergentiae
430 3757 576 3821 coincidit
591 3779 662 3820 cum
676 3757 787 3822 eodem
801 3758 906 3842 pleno,
922 3758 1120 3842 perspicuum
1136 3758 1280 3843 estquod
1295 3746 1408 3841 corpus

120 3889 186 3932 non
199 3879 303 3952 potest
317 3865 398 3929 ultra
412 3887 543 3952 pergere
559 3887 665 3929 versus
680 3865 810 3950 planum
825 3863 854 3930 E
869 3888 897 3930 e.
943 3865 1006 3930 Sed
1026 3887 1083 3931 nec
1104 3877 1208 3950 potest
1230 3867 1314 3931 idem
1336 3892 1408 3954 per·

155 4062 190 4123 (⁸)
208 4067 221 4093 ⁰
240 4065 293 4110 Hoc
307 4072 346 4117 at,
364 4063 489 4123 aquatum
503 4061 644 4121 ternpontne.
682 4060 748 4114 Quo·
780 4058 851 4122 gulos
862 4075 877 4106 v
889 4059 912 4108 Τ
923 4058 952 4107 H
962 4058 1045 4121 anguli
1056 4059 1080 4108 T
1091 4059 1119 4109 Η
1130 4075 1152 4114 v.
1171 4068 1195 4108 et
1210 4059 1313 4122 augurius
1328 4060 1343 4109 1
1355 4061 1380 4110 K
1391 4062 1409 4110 d

123 4127 186 4173 niam
196 4136 262 4172 motu
279 4125 406 4185 composito
424 4140 508 4184 corpus
526 4123 599 4169 fertur
617 4137 659 4181 per
676 4122 749 4168 lineas
780 4122 862 4184 anguli
874 4124 900 4172 K
910 4125 923 4172 1
935 4123 958 4179 d,
968 4123 1168 4183 complementum
1179 4124 1208 4170 ed
1219 4133 1315 4177 reetunn
1325 4133 1348 4172 et
1355 4138 1409 4187 pro-

125 4192 148 4238 G
162 4190 188 4237 H
208 4190 263 4236 etl
279 4189 311 4240 K,
332 4188 413 4234 eodem
430 4197 533 4248 tempore
550 4186 657 4234 describit
678 4186 699 4233 G
721 4187 748 4232 H
781 4186 918 4250 inde(558)
931 4187 1038 4247 priorest
1053 4186 1149 4248 equali·
1163 4187 1253 4249 angulo
1267 4186 1416 4249 incidentlffi

122 4270 170 4316 quo
183 4256 205 4299 Δ
220 4254 254 4307 Η,
268 4262 291 4298 et
304 4252 316 4298 Ι
329 4252 353 4297 K
364 4267 412 4313 quo
423 4252 435 4298 1
459 4249 532 4311 d‚sed
545 4255 584 4313 (er
594 4249 679 4303 Demi
691 4259 750 4298 nm-
783 4251 897 4312 posterior
907 4260 941 4300 est
952 4250 1047 4313 equalis
1056 4250 1145 4313 angulo
1155 4251 1311 4313 emergentia.

123 4317 274 4391 poraquibus
291 4315 446 4362 conficiuntur
463 4315 585 4362 intervallo
603 4314 713 4374 Plrallele
728 4323 752 4360 et
815 4313 850 4378 (l)
869 4319 881 4346 ⁸
899 4319 933 4366 Ee
951 4319 1012 4378 quod
1030 4324 1104 4364 motus
1122 4313 1176 4363 mul
1192 4316 1347 4370 lercidentiom.
1366 4317 1403 4364 &e

124 4377 666 4444 requelraAH,1Dequantur,ergdcorpus
710 4393 751 4424 ue·
784 4376 820 4427 Ut
830 4379 932 4442 ungulus
942 4378 1090 4453 emergentia
1109 4393 1200 4438 semper
1217 4389 1303 4427 creecm
1322 4379 1406 4445 (Prop.

124 4445 187 4494 libus
197 4443 341 4503 temporibus
351 4441 459 4488 describit
469 4441 542 4488 lineos
555 4443 578 4489 G
591 4442 618 4488 H
630 4451 655 4488 et
667 4392 727 4489 ἦ
785 4441 837 4501 95.)
849 4444 890 4490 eti
918 4442 954 4490 'us
964 4441 1061 4503 promdd
1071 4441 1269 4502 complementum
1279 4443 1309 4490 ed
1319 4450 1409 4492 rectum

156 4507 670 4572 (⁰)0mmuaeAHve11uauvH.
705 4501 753 4552 Per
783 4520 875 4580 semper
1115 4505 1120 4517 ¹

125 4573 195 4633 Prop.
206 4577 228 4618 2.
239 4571 278 4617 lib.
289 4576 312 4618 6.
324 4569 402 4616 Elem.
782 4567 866 4618 meda

155 4637 192 4698 tl)
210 4640 223 4667 ⁰
246 4638 277 4685 Ut
296 4637 360 4684 tinne
379 4634 529 4694 emergente.
565 4632 609 4680 Est
627 4631 690 4679 enim
709 4647 751 4681 eu-

901 4505 1409 4570 oeruoerinmnutuoerpofiuperoim
