3098 5534
195 342 254 397 ras
494 335 834 407 PHILOSOPHIAE
858 332 1132 415 NATURALIS
1193 337 1314 418 [Mor.
1332 337 1495 403 Gomon.

190 502 247 566 &c
292 502 325 585 (¹)
343 503 385 566 Et
399 502 449 564 bae
462 503 628 590 gravitates
650 504 753 570 ductoe
767 505 800 569 in
815 504 992 575 altitudines
1006 507 1036 570 A
1052 505 1090 584 Β,
1111 501 1191 583 BC,
1210 504 1303 582 cD,
1327 508 1393 572 &c-
1418 529 1492 573 con

189 608 294 672 licient
320 610 495 693 pressiones
521 612 551 674 A
569 611 615 688 Η,
634 611 663 676 B
678 613 705 689 l,
724 613 811 690 CK,
837 617 896 681 Aac.
923 616 1035 702 quibus
1061 615 1190 679 fundum
1218 616 1247 678 A
1265 617 1301 681 Τ
1317 617 1350 681 V
1381 620 1490 703 (juxa

189 717 368 781 Theorema
383 719 472 799 XV.)
500 731 637 806 urgetur.
683 723 823 787 Sustinet
843 746 920 810 ergo
940 722 1094 808 particula
1115 724 1147 787 A
1167 723 1351 808 pressiones
1376 746 1486 792 omnes

187 828 217 890 A
236 827 281 903 H,
299 827 328 890 Β
344 827 371 903 1,
389 827 418 891 C
435 827 477 904 K,
493 829 527 893 D
543 829 582 906 L,
609 828 647 914 (¹¹)
669 832 831 918 pergendo
851 833 884 897 in
906 834 1079 909 infinitum3
1103 843 1135 896 et
1154 833 1314 915 particula
1338 827 1372 900 B
1395 857 1486 920 pres-

185 935 288 999 siones
310 957 418 1000 omnes
433 951 549 1022 practer
562 939 696 1023 primam
712 941 743 1004 A
760 941 815 1018 H;
841 956 873 1008 et
886 943 1039 1027 particula

187 1043 339 1107 Comnes
360 1058 476 1129 praeter
498 1045 576 1109 duas
590 1046 708 1129 primas
724 1048 754 1111 A
771 1049 817 1126 H,
837 1050 917 1125 1³13
939 1064 971 1117 et
991 1050 1038 1115 sic

184 1154 349 1240 deinceps:
374 1156 507 1242 ideoque
528 1157 690 1241 particulae
711 1159 822 1241 primae
849 1160 880 1223 A
901 1159 1038 1223 densitas

184 1263 214 1325 A
232 1264 278 1338 H,
304 1277 351 1327 est
377 1265 416 1327 ad
440 1265 602 1349 particula
626 1266 772 1330 secundoe
798 1268 827 1332 B
852 1267 1054 1347 densitatem,

184 1369 587 1437 Blutsummaomnium
612 1374 696 1438 AH
716 1385 749 1450 -Ι-
771 1375 884 1450 BI÷
905 1375 979 1441 CK
999 1384 1033 1450 -Ι-

181 1481 215 1545 Ι)
232 1482 271 1558 L,
288 1483 320 1544 in
336 1483 502 1560 infinitum,
530 1484 571 1548 ad
586 1507 739 1547 summam
759 1485 899 1547 omnium
916 1484 945 1548 B
961 1484 978 1547 l
997 1492 1032 1558 «Ι-

182 1587 210 1652 C
227 1588 259 1651 K
279 1599 312 1664 ÷
332 1590 366 1654 D
383 1590 422 1666 L,
440 1594 497 1656 &c
545 1592 587 1656 Et
608 1593 636 1656 B
653 1593 668 1656 I
685 1593 823 1656 densitas
836 1591 982 1656 aecundae
1006 1591 1035 1657 Β

179 1711 227 1761 est
241 1697 281 1763 ad
298 1697 327 1762 C
343 1697 375 1761 K
392 1698 576 1765 densitatem
599 1701 699 1763 tertiae
718 1702 756 1777 C,
782 1715 816 1764 ut
831 1723 953 1765 summa
967 1722 1035 1765 om·

178 1804 265 1867 nium
293 1806 693 1884 BI÷CK÷DL‚
724 1812 782 1873 &c
814 1810 1032 1872 adsummam

64 1934 68 1953 ¹
176 1915 317 1976 omnium
334 1914 362 1977 C
380 1913 412 1977 K
433 1925 465 1989 -Ι-
485 1914 519 1978 D
532 1914 571 1991 L,
588 1917 645 1979 &c
694 1917 775 1980 Sunt
789 1918 884 2003 igitur
899 1938 1030 1980 summae

71 2022 77 2030 ’
176 2020 239 2082 illae
254 2021 440 2085 differentiis
463 2025 528 2086 suis
552 2026 582 2088 A
599 2027 645 2101 H,
674 2025 703 2088 B
719 2027 745 2105 I,
772 2029 799 2092 C
817 2029 861 2103 K,
883 2031 941 2093 &e
963 2050 1039 2112 pro·

175 2131 376 2214 portionales‚
406 2146 498 2218 atque
521 2135 592 2198 ideo
615 2137 763 2201 continui
787 2135 1037 2222 proportionales

176 2243 247 2323 (per
261 2239 354 2325 hujus
371 2240 461 2304 Lem.
479 2242 518 2321 Ι.)
531 2244 725 2330 proindeque
736 2245 919 2309 differentiae
935 2247 966 2309 A
983 2244 1030 2320 H,

175 2345 243 2423 ΒΙ,
261 2345 345 2422 CK,
362 2348 419 2411 &a
437 2353 565 2413 summis
573 2351 833 2435 proportionales,
851 2364 925 2414 sunt
936 2351 1029 2413 otiam
1110 2374 1139 2421 rr

172 2461 321 2525 continue
331 2460 592 2547 proportionales.
642 2459 750 2536 Quare
773 2458 843 2522 crim
859 2458 1029 2522 densitates

171 2570 204 2632 in
219 2569 295 2633 locis
311 2571 351 2647 A,
371 2571 408 2647 B,
427 2571 465 2646 C,
481 2572 539 2634 &c
556 2568 619 2631 sint
632 2580 669 2630 ut
684 2568 715 2630 A
732 2566 779 2642 H,
798 2565 827 2630 B
843 2567 870 2642 l,
888 2566 916 2630 C
934 2565 976 2642 K,
1000 2569 1058 2631 &c
1082 2583 1174 2632 erunt
1188 2569 1281 2632 ctiam
1296 2569 1352 2634 hm
1367 2574 1472 2638 conti·

170 2676 233 2741 nue
247 2677 508 2761 proportionales.
554 2676 709 2762 Pergatur
723 2697 781 2760 per
796 2673 919 2750 saltum,
945 2688 1031 2738 etex
1046 2699 1137 2762 aequo
1152 2680 1185 2741 in
1202 2679 1359 2743 distantiis
1384 2683 1410 2745 S
1429 2684 1469 2759 A,

171 2786 248 2863 SC,
267 2788 335 2852 SE
360 2787 506 2851 continue
528 2784 825 2870 proportionalibus,
849 2797 942 2847 erunt
956 2783 1124 2848 densitates
1149 2789 1174 2848 A
1196 2787 1242 2863 H,
1262 2787 1289 2850 C
1308 2788 1354 2861 K,
1382 2790 1412 2852 E
1431 2791 1470 2854 M

168 2894 315 2958 continui
340 2895 600 2980 proportionales.
647 2894 691 2958 Et
705 2892 818 2957 eodem
843 2907 1039 2979 argumento,
1065 2894 1099 2955 in
1122 2892 1276 2956 distantiis
1300 2895 1470 2979 quibusvis

169 3001 315 3065 continue
329 3000 615 3085 proportionalibus
639 2998 718 3075 SA,
741 2998 824 3074 SD,
850 2999 874 3061 S
890 2998 932 3073 G,
957 2997 1123 3062 densitates
1147 3000 1177 3060 A
1194 2998 1240 3073 H,
1265 2998 1299 3062 D
1316 3000 1358 3076 L,
1384 3001 1418 3065 G
1437 3001 1469 3067 0

168 3123 260 3173 erunt
275 3110 420 3173 continui·
436 3109 695 3194 proportionales.
741 3108 864 3171 Coeant
880 3109 947 3190 jam
968 3121 1086 3191 puncta
1109 3111 1150 3184 A,
1169 3109 1206 3184 Β,
1227 3109 1263 3183 C,
1283 3110 1327 3184 D,
1349 3110 1388 3186 E,
1406 3114 1467 3175 &e

168 3241 206 3283 eo
221 3232 256 3282 ut
269 3218 449 3304 progressio
459 3218 645 3304 gravitatum
658 3217 874 3302 specificatum
889 3240 909 3278 a
923 3217 1022 3280 sundo
1039 3220 1069 3279 A
1085 3218 1124 3280 ad
1140 3219 1351 3282 summitatem
1375 3222 1468 3285 fluidi

167 3330 315 3393 continua
340 3328 498 3404 reddatur,
526 3341 558 3392 et
582 3329 615 3391 in
638 3327 791 3391 distantiis
819 3327 979 3411 quibusvis
1004 3326 1150 3390 continue
1173 3330 1467 3410 proportionalibus

170 3441 247 3515 SA,
266 3439 348 3514 SD,
368 3440 390 3503 S
407 3439 449 3514 G,
466 3437 633 3501 densitates
651 3438 681 3499 A
699 3436 744 3513 H,
763 3436 797 3500 D
815 3436 854 3511 L,
873 3436 905 3499 G
923 3435 964 3511 O,
982 3457 1106 3519 semper
1122 3437 1290 3499 existentes
1312 3442 1467 3504 continue

167 3545 424 3628 proportionales,
441 3545 612 3606 manebunt
623 3543 794 3606 etiamnum
811 3540 958 3605 continue
973 3543 1232 3624 proportionales.
1281 3544 1322 3619 Q.
1341 3570 1369 3609 e.
1387 3548 1420 3612 d.

211 3653 307 3716 Coroi.
355 3651 442 3713 Hinc
457 3651 482 3712 si
498 3651 592 3713 detur
606 3649 742 3713 densitas
759 3648 848 3711 fluidi
864 3648 895 3709 in
912 3647 1034 3710 duobus
1051 3649 1135 3723 locis,
1152 3648 1228 3732 putti
1244 3652 1274 3712 A
1290 3667 1322 3716 et
1340 3654 1380 3729 E,
1399 3657 1466 3718 col.

1394 3849 1454 3896 AH

164 3845 206 3890 &c-
231 3843 277 3890 sint
294 3843 404 3890 continue
423 3843 610 3904 proportionales,
631 3859 711 3890 earum
728 3841 795 3888 diffe·
827 3876 882 3924 cnm
895 3879 933 3940 (a
943 3877 1181 3941 mmmmm
1192 3879 1378 3939 spedfimsitm
1395 3914 1463 3976 Π,

164 3907 244 3954 rentioe
258 3913 280 3955 A
296 3909 325 3964 B,
341 3909 361 3955 B
375 3908 403 3962 C,
418 3910 481 3963 (ΣΙ),
492 3910 534 3955 &c
549 3908 603 3968 ipsis
614 3906 795 3967 proportionales

163 3983 238 4017 erum.
826 3980 912 4040 pressio
923 3979 988 4026 fluidi
1000 3980 1127 4040 cylindrici‚
1146 3981 1212 4041 cujus
1223 3993 1258 4028 est
1268 3983 1372 4033 altitudo
1393 3993 1415 4037 A
1432 3994 1464 4052 B,

196 4036 227 4096 (¹)
241 4041 253 4064 '
268 4039 300 4082 Et
318 4039 352 4082 lue
370 4037 491 4095 grossitates
510 4039 593 4091 ductae,
613 4037 654 4081 &c-
692 4035 754 4081 Nam
771 4035 790 4079 si
823 4044 904 4089 erigut
918 4048 940 4088 Α
954 4044 988 4096 Η,
1001 4045 1067 4089 etita
1078 4045 1107 4090 de
1118 4047 1212 4091 cmm-13·

163 4098 256 4158 pondus
266 4099 329 4160 quod
341 4098 443 4145 fundum
460 4097 597 4157 sphaericum
617 4101 639 4144 A
654 4099 676 4144 Τ
688 4099 711 4142 V
723 4099 791 4144 susti·

163 4173 210 4219 nat,
227 4172 357 4223 exponatur
367 4178 408 4222 per
419 4162 550 4221 cylindrum
561 4166 629 4223 cujus
639 4163 699 4208 basis
714 4177 791 4223 aqua·
858 4166 895 4228 (ἱ)
911 4172 964 4213 175.
985 4173 996 4195 ⁸
1014 4172 1130 4228 Pagrum,
1140 4175 1164 4219 in
1177 4174 1301 4236 infinitum.
1339 4178 1465 4232 Quonim

163 4225 192 4273 lis
202 4228 233 4274 ait
243 4227 372 4286 mperficiei
386 4229 409 4272 A
424 4227 446 4272 Τ
459 4227 481 4273 V
496 4237 520 4272 et
530 4225 631 4272 altitudo
641 4226 722 4273 eadem
739 4241 793 4286 quoe
825 4230 888 4276 enim
902 4233 953 4291 (per
967 4231 1045 4290 Hyp.)
1064 4233 1165 4280 densitas
1181 4239 1345 4295 compassioni
1365 4259 1465 4306 pmpoe.

161 4289 227 4337 liaidi
240 4292 403 4342 incumbentia,
416 4291 525 4336 uolumen
537 4289 603 4335 fluidi
616 4289 734 4350 cylindrici
751 4305 793 4347 pro
824 4294 918 4340 tionalis
935 4304 976 4345 ast,
997 4296 1037 4339 ubi
1056 4300 1195 4357 compressio
1215 4301 1281 4345 nulla
1300 4304 1387 4362 eradit,
1409 4325 1465 4357 m,

161 4354 285 4401 rtititudiue
299 4357 321 4401 A
337 4354 414 4401 Berit
427 4356 450 4401 A
464 4355 486 4400 Τ
499 4354 521 4398 V
532 4360 556 4409 χ
573 4355 596 4400 A
611 4354 640 4409 Β,
652 4352 751 4413 idaeique
762 4356 792 4399 ob
825 4357 899 4404 nescit
909 4372 1002 4418 quoque
1018 4359 1127 4416 densitas,
1147 4379 1195 4418 seu,
1217 4363 1316 4411 liuidum
1330 4368 1355 4414 lit
1368 4372 1466 4422 infinite

161 4417 239 4463 datam
251 4419 397 4477 superficiem
413 4420 433 4463 A
448 4417 470 4464 T
483 4417 512 4474 V,
522 4416 685 4463 eritrolumeu
696 4417 755 4463 iliud
767 4428 794 4466 ut
827 4436 913 4475 mrum,
925 4436 952 4466 ac
963 4421 1060 4480 proinde
1071 4423 1095 4469 in
1107 4425 1224 4473 inlinitum
1237 4430 1394 4492 expanditu13
1408 4437 1466 4485 cum

164 4483 186 4527 A
203 4483 232 4537 Β,
245 4483 413 4541 multiplicetur
424 4481 484 4529 illud
501 4497 541 4540 per
555 4482 691 4543 gravitatem
703 4481 794 4541 specili-
827 4486 885 4530 ratio
897 4483 1021 4530 voluminis
1036 4487 1066 4533 ad
1083 4491 1184 4536 mutarim
1195 4494 1351 4552 quantitatem
1369 4498 1466 4550 infinit,

160 4559 211 4592 cam
224 4556 248 4592 et
257 4547 347 4592 factum
359 4546 403 4593 erit
414 4555 441 4593 ut
452 4544 545 4607 poudm
556 4561 597 4592 seu
609 4544 710 4606 pressim
723 4560 794 4606 quare
827 4548 907 4595 eradat
919 4551 953 4610 (2.
970 4548 1021 4595 Lib.
1038 4551 1081 4610 L).
