3098 5534
72 408 187 479 Lissa
203 408 366 492 Prinna]
411 411 653 477 PnlrthPta
677 409 1050 500 MATHEMATJCA.
1297 414 1362 472 828

72 597 106 650 et
120 552 202 650 areae
217 587 426 671 respondeant
439 585 642 670 temporibus,
658 586 723 650 sine
738 607 854 664 errore,
871 585 924 671 qui
940 568 1003 648 non
1020 584 1058 647 sit
1073 583 1175 646 minor
1184 582 1292 667 quovis
1307 582 1364 646 da·

71 707 115 756 to.
162 691 205 767 Q.
220 713 248 756 e.
263 714 295 776 o,
952 708 955 713 ’
1333 696 1336 701 ’

116 800 187 865 Cas.
208 807 241 865 a.
264 801 303 886 (⁸)
328 800 498 889 Fingamus
506 802 573 886 jam
589 813 723 887 systema
737 821 905 884 corporum
919 800 1076 864 minorum
1090 797 1189 887 modo
1204 800 1271 883 jam
1292 797 1364 862 dea·

72 904 175 989 cripto
188 906 271 970 circa
285 907 456 969 maximum
469 902 702 984 revolventium,
725 903 850 970 aliudve
873 903 1007 991 quodvis
1029 892 1163 970 duoruui
1188 904 1306 967 circum
1331 923 1365 966 se

71 1010 183 1076 mutub
197 1011 423 1076 revolventium
445 1033 614 1097 corporum
629 1023 764 1097 systema
778 1010 927 1098 progredi
942 1010 1138 1077 uniformiter
1151 1010 1185 1073 in
1199 1008 1364 1088 directum,

69 1131 104 1182 et
117 1119 236 1183 interea
249 1118 280 1180 vi
295 1118 435 1202 corporis
451 1118 577 1182 alterius
591 1116 686 1206 longe
700 1117 830 1181 maximi
846 1129 878 1182 et
899 1117 939 1181 ad
961 1139 1109 1205 magnam
1123 1116 1301 1182 distantiam
1316 1117 1367 1182 siti

70 1224 179 1310 urgeri
191 1224 233 1288 ad
246 1225 340 1288 latus.
384 1224 428 1289 Et
441 1226 590 1309 quonism
604 1224 741 1312 aequales
755 1225 835 1289 sires
849 1225 1089 1302 accelerstrices,
1105 1224 1219 1310 quibus
1233 1247 1367 1309 corpora

69 1328 241 1394 mundum
257 1331 354 1394 lineas
367 1331 530 1415 parallelas
545 1344 707 1419 urgentur,
722 1352 787 1396 non
801 1343 925 1396 mumnt
938 1332 1016 1396 sitos
1035 1350 1202 1416 corporum
1223 1331 1265 1395 ad
1286 1331 1366 1395 invi·

71 1454 152 1513 cem,
168 1436 224 1500 sed
239 1448 274 1500 ut
289 1450 423 1522 systema
437 1448 548 1515 totum,
565 1438 694 1503 servatis
708 1438 845 1522 partium
858 1438 996 1502 motibus
1010 1438 1092 1501 inter
1105 1459 1149 1515 se,
1161 1436 1253 1501 simul
1264 1449 1367 1503 mm

71 1541 200 1618 feratrm
216 1542 371 1606 efficiunt:
392 1541 590 1608 manifestum
612 1543 770 1629 estquod,
785 1565 827 1608 ex
840 1543 1076 1608 attractionibus
1089 1543 1124 1606 in
1137 1565 1252 1627 corpus
1265 1544 1366 1608 maxi-

70 1670 169 1727 mnm,
184 1648 272 1713 nulla
285 1671 412 1733 prorsus
426 1649 545 1714 orietur
560 1650 694 1714 mutatio
706 1662 810 1715 motus
824 1661 1028 1714 attractorum
1043 1650 1125 1713 inter
1139 1672 1181 1727 se,
1193 1650 1254 1713 nisi
1264 1649 1314 1723 vel
1325 1670 1366 1713 ex

69 1756 290 1822 attractionum
303 1755 556 1822 acceleratricum
570 1756 790 1841 insequabtate,
813 1756 863 1821 vel
883 1776 925 1824 ex
943 1756 1143 1821 inclinatione
1157 1755 1310 1821 linearum
1324 1757 1366 1823 od

67 1865 222 1928 invicem:
246 1862 418 1927 secundum
433 1885 510 1949 quas
524 1863 723 1928 attractiones
737 1863 829 1928 fiunt.
875 1865 963 1929 Pone
978 1887 1055 1952 ergo
1076 1867 1276 1930 attractiones
1297 1887 1366 1930 onr-

67 1993 126 2036 nes
139 1970 370 2035 acceleratrices
383 1971 418 2033 in
432 1992 546 2055 corpus
559 1971 732 2035 maximum
746 1993 816 2037 esse
829 1972 911 2036 inter
924 1995 960 2039 se
978 1972 1137 2058 reciproce
1158 1987 1194 2040 ut
1215 1973 1367 2059 quadrata

26 2166 32 2175 .
68 2079 306 2155 distantiarum
328 2092 360 2143 et
375 2080 522 2167 sugendo
535 2080 676 2164 corporis
692 2079 822 2144 maximi
834 2079 1024 2159 distantiam,
1040 2080 1143 2145 donec
1155 2093 1311 2145 rectarum
1325 2081 1366 2146 ab

66 2185 129 2251 hoc
143 2187 185 2251 ad
199 2186 321 2272 reliqua
334 2186 502 2252 ductarum
517 2187 701 2252 differentiae
712 2199 855 2271 respectu
869 2207 978 2251 earum
992 2187 1198 2274 longitudinis
1221 2200 1254 2252 et
1278 2187 1366 2252 incli-

67 2292 213 2358 nationes
228 2291 271 2356 ad
284 2293 419 2358 invicem
432 2294 570 2357 minores
586 2294 658 2369 sint,
674 2314 769 2378 qnam
782 2291 866 2357 datie
879 2293 1018 2379 quaevis3
1040 2292 1284 2377 perseverabunt
1297 2315 1367 2363 mo·

66 2413 115 2464 tus
129 2401 266 2485 partium
280 2402 455 2487 systematis
470 2403 551 2466 inter
566 2425 598 2466 se
613 2402 680 2465 sine
694 2402 861 2480 erroribus,
878 2403 931 2488 qui
946 2424 1011 2466 non
1025 2404 1089 2467 sint
1102 2402 1262 2488 quibusvis
1282 2402 1366 2467 datis

65 2509 211 2572 minores.
259 2508 303 2572 Et
316 2509 476 2593 quoniam,
492 2509 534 2573 ob
549 2509 695 2594 exiguam
710 2507 847 2592 partium
860 2508 986 2572 illarum
1000 2509 1041 2573 ab
1066 2509 1201 2573 invicem
1223 2509 1366 2574 dismnti·

65 2637 128 2690 am,
144 2626 281 2698 systema
294 2628 396 2679 totum
410 2614 451 2678 ad
465 2615 595 2678 modum
609 2615 750 2698 corporis
766 2615 858 2679 unius
872 2614 1060 2691 attrabitur;
1082 2615 1260 2681 movebitur
1280 2611 1367 2680 idem

67 2720 130 2784 htc
144 2721 329 2785 attractione
344 2721 384 2784 ad
399 2721 529 2785 modum
544 2721 685 2805 corporis
699 2722 811 2797 unius3
834 2720 896 2786 hoc
910 2735 968 2799 est,
992 2721 1033 2805 (¹³)
1056 2737 1164 2786 centro
1186 2745 1243 2787 suo
1263 2723 1368 2811 gravi·

67 2827 142 2890 tatis
158 2825 315 2890 describet
329 2828 413 2890 circa
435 2848 550 2911 corpus
575 2828 748 2891 maximum
774 2827 945 2892 sectionem
971 2827 1107 2912 aliquam
1132 2829 1273 2892 conicam
1295 2830 1366 2914 (viz.

68 2934 106 3017 (θ)
132 2932 353 3017 Hyperbolam
368 2933 418 2998 vel
432 2933 616 3017 parabolam
631 2934 815 2998 attractione
834 2933 995 3029 languidi,
1021 2933 1144 3018 ellipsin
1168 2934 1309 3018 fortiore)
1335 2950 1368 3003 et

64 3042 155 3107 radio
170 3041 211 3105 ad
225 3043 399 3105 maximum
414 3043 511 3106 ducto
527 3042 684 3106 describet
698 3064 787 3106 areas
802 3042 996 3126 temporibus
1017 3042 1275 3129 proportionales,
1300 3046 1368 3112 sine

63 3149 136 3212 ullis
151 3148 320 3222 erroribus,
336 3149 397 3210 nisi
412 3171 489 3233 quas
505 3148 642 3232 partium
658 3148 826 3225 distantiis,
838 3147 1019 3236 perexiguae
1034 3170 1108 3214 sane
1127 3162 1159 3214 et
1180 3171 1240 3235 pro
1263 3150 1370 3222 lubitu

64 3253 256 3333 minuendae,
273 3255 397 3320 valeam
411 3255 543 3321 efficere.
589 3256 632 3332 Q.
649 3278 677 3321 e.
693 3276 723 3321 o.

63 3424 142 3475 soluta
162 3429 200 3476 hic
221 3433 366 3486 supponatur
387 3424 490 3472 materia
510 3425 695 3484 proportionalis,

12 3486 17 3494 '
63 3488 182 3539 diminuit
191 3491 293 3550 corporis
303 3488 386 3545 maed,
397 3490 432 3536 ris
442 3488 561 3538 attractiva
574 3487 600 3537 in
614 3489 696 3539 sidem

62 3553 155 3601 ratione
165 3556 289 3602 minuitur.

97 3615 132 3679 (⁸)
151 3625 162 3650 ⁸
182 3622 313 3679 Fingamus
321 3618 377 3678 jons
394 3635 514 3680 comarum
529 3621 653 3674 minorata,
667 3617 695 3672 P,

61 3694 88 3741 p,
99 3699 125 3736 ε,
136 3683 261 3743 moesiam
271 3685 380 3746 dermite
392 3683 453 3735 cited
461 3685 588 3735 marimum
597 3682 618 3732 T
626 3685 696 3734 nvcl-

60 3747 166 3795 ustam
181 3755 276 3811 systema
292 3752 400 3810 progredi
415 3751 561 3813 uny'wmier
577 3753 604 3797 in
622 3753 696 3799 dies·

61 3816 124 3865 tasi,
139 3826 183 3858 seu
199 3812 271 3859 totius
288 3813 417 3872 systematis
433 3828 559 3860 commune
577 3814 696 3876 gravitatis

60 3882 170 3921 centrum
192 3876 221 3930 T,
245 3876 353 3939 progredi
376 3876 522 3924 uniformiter
543 3892 584 3937 per
609 3888 695 3925 rectam

63 3935 89 3983 Τ
101 3937 134 3993 R,
149 3949 170 3986 et
181 3941 268 3988 intere&
280 3943 302 3986 oi
313 3943 412 4003 corporis
423 3943 517 3989 animur
528 3940 593 4003 lengi
604 3945 695 3990 noemi·

61 4000 119 4055 &et
130 4005 162 4048 ad
172 4020 282 4063 mgnum
293 4006 426 4052 distantiam
436 4006 481 4062 siti,
493 4007 573 4066 urgeri
587 4008 619 4052 od
634 4008 695 4054 lctus

60 4064 194 4111 secundum
205 4077 278 4112 rectas
296 4067 317 4114 P
330 4068 353 4123 S,
373 4083 418 4129 ps,
439 4068 493 4124 rs,
513 4069 536 4113 'l'
549 4068 572 4120 S.
592 4078 662 4130 atque
680 4086 696 4116 s

60 4128 669 4196 mtiTRretrahietincurvamTHcogi,&e

76 4202 80 4206 “
96 4191 130 4256 (⁸)
149 4197 162 4222 ⁶
182 4196 234 4242 Hoc
244 4206 284 4249 est,
303 4208 381 4244 ceastre
398 4213 440 4244 sao
457 4199 584 4258 gravitatis,
604 4197 629 4242 in
648 4210 696 4258 quo

61 4265 142 4303 totum
154 4268 255 4317 systema
265 4260 371 4321 gravium
392 4258 421 4315 P,
432 4275 455 4321 p,
468 4278 494 4317 r,
507 4259 538 4317 T,
558 4258 652 4307 unitum
668 4275 696 4308 at:

61 4329 209 4368 contractum
221 4322 360 4384 intelligitur
376 4323 439 4384 (71).
759 4330 762 4335 ’

95 4382 130 4447 (⁰)
149 4390 162 4414 ⁹
180 4387 336 4445 Hyperbolum
358 4389 392 4432 nel
411 4387 545 4447 parobolam
562 4390 696 4438 directions

59 4447 182 4508 languidi,
192 4451 286 4509 ellipsim
293 4449 330 4494 vol
337 4449 451 4495 circulum
453 4450 553 4514 fortiore
559 4476 567 4508 ,-
587 4462 696 4500 manente

61 4510 129 4557 enim
139 4511 261 4558 velocitate
272 4512 373 4571 corporis
383 4512 444 4559 circi
458 4524 564 4561 centrum
581 4516 666 4562 virium
679 4515 697 4563 S

61 4574 167 4635 projecti,
191 4584 215 4622 et
236 4575 353 4621 circulum
372 4576 409 4624 val
428 4577 528 4636 ellipsim
546 4579 696 4626 describentis

60 4637 139 4685 nn'nui
150 4638 218 4686 debet
229 4638 293 4685 illius
303 4639 333 4686 ad
345 4651 451 4688 centrum
463 4642 481 4688 S
491 4642 604 4698 attractio,
621 4650 649 4689 ut
664 4641 697 4689 ad

674 4724 817 4793 xa,
