3098 5534
91 427 203 492 Lsaun
221 425 384 506 Parmos]
432 423 675 492 PRINCIPIA
698 421 1076 491 MATHEMATICA.
1243 450 1248 459 ⁴
1319 426 1380 491 stt

88 603 259 667 Cartesius.
304 601 450 688 Namque
464 601 566 665 lucem
582 597 752 665 successive
766 598 936 686 propagari
959 608 992 664 et
1016 596 1118 682 spatio
1143 595 1233 682 qussi
1257 608 1379 680 septem

25 749 28 754 -
86 710 136 774 vel
151 720 224 774 octo
245 707 438 772 minutorum
460 708 634 792 primorum
648 729 669 770 s
682 705 750 771 sole
767 706 810 769 ad
835 719 951 770 terrum
978 704 1091 782 venire,
1115 703 1155 788 (¹¹)
1166 705 1233 788 jum
1258 714 1382 768 constat

83 841 143 903 per
156 816 367 902 phaenomena
382 815 550 881 satellitum
564 816 662 894 Jovis,
678 814 947 880 observationibus
968 813 1163 878 diversorum
1185 825 1381 877 astronomo-

84 948 157 989 rum
172 925 365 988 confirmats.
413 923 509 989 Radii
523 936 627 987 autem
642 924 675 986 in
691 926 763 988 aifre
782 924 950 987 existentes
974 921 1034 1006 (uti
1048 919 1169 984 dudum
1184 919 1378 999 Grimaldus,

84 1033 156 1097 luce
170 1052 228 1116 per
242 1031 384 1095 foramen
398 1031 432 1094 in
446 1030 648 1096 tenebrosum
662 1029 840 1094 cubiculum
855 1027 1002 1104 admissi,
1024 1026 1153 1105 invenit,
1176 1040 1208 1091 et
1222 1026 1289 1110 ipse
1303 1047 1380 1113 quo·

84 1165 146 1228 que
162 1152 309 1224 expertus
324 1139 407 1221 sum)
422 1140 457 1202 in
471 1139 603 1204 transitu
618 1161 676 1203 suo
690 1160 793 1224 prope
812 1158 980 1224 corporum
994 1139 1045 1203 vel
1059 1158 1230 1223 opacorum
1244 1136 1294 1202 vel
1307 1157 1381 1221 per-

85 1252 264 1335 spicuorum
280 1249 411 1338 angulos
427 1249 546 1334 (quales
562 1259 635 1314 sunt
648 1270 850 1312 nummorum
865 1271 906 1313 ex
920 1271 1007 1328 auro,
1020 1259 1152 1337 argento
1166 1259 1199 1312 et
1212 1268 1275 1310 aere
1290 1266 1382 1310 cuso-

82 1379 156 1420 rum
171 1357 296 1445 terprini
311 1354 485 1442 rectianguli
499 1354 675 1432 circulares,
692 1366 724 1420 et
738 1354 920 1435 cultrorum,
936 1355 1077 1441 lapidum
1092 1366 1146 1419 aut
1156 1352 1325 1417 &morum
1334 1352 1381 1416 vi-

82 1479 203 1528 trorum
220 1461 315 1545 acies)
331 1464 536 1527 incurvantur
549 1462 667 1526 circum
682 1484 825 1548 corpora,
849 1464 937 1549 quasi
959 1465 1082 1530 attracti
1093 1465 1126 1528 in
1142 1463 1270 1539 eadem3
1288 1474 1380 1549 etex
1410 1509 1413 1514 .
1482 1519 1484 1522 Α

83 1572 133 1634 his
151 1571 256 1648 radiis,
273 1570 327 1656 qui
342 1566 375 1633 in
390 1569 523 1633 transitu
544 1568 600 1631 illo
624 1569 754 1653 propius
778 1569 932 1634 accedunt
957 1570 998 1635 ad
1023 1592 1156 1655 corpora
1178 1554 1381 1656 incury‘antur

82 1679 193 1766 magis,
217 1678 258 1761 (¹)
274 1678 362 1762 quasi
376 1678 476 1766 magis
498 1677 631 1755 attracti,
655 1689 691 1741 ut
716 1678 783 1762 ipse
808 1676 903 1743 etiam
926 1679 1093 1768 diligenter
1115 1676 1289 1744 observavi.
1336 1675 1380 1742 Et

82 1789 136 1874 qui
157 1799 321 1851 transeunt
343 1786 383 1850 ad
406 1787 540 1872 majores
563 1786 725 1850 distantias
747 1787 850 1852 minus
871 1790 1075 1855 incurvantur
1082 1814 1092 1867 ;
1115 1802 1147 1854 et
1161 1790 1202 1854 ad
1216 1786 1379 1853 distantias

81 1897 186 1962 adhuc
201 1898 334 1981 majores
349 1896 552 1960 incurvantur
566 1894 795 1982 aliquantulum
806 1897 847 1963 ad
860 1911 966 1985 partes
981 1900 1163 1978 contrarias,
1187 1911 1220 1965 et
1240 1910 1303 1963 tres
1326 1917 1379 1961 co-

80 2005 302 2079 lorumfascias
314 2003 488 2069 efformant.
523 2003 562 2068 ln
573 2003 655 2091 figu-

81 2133 115 2175 ra
131 2111 275 2199 designat
289 2132 304 2174 s
319 2111 417 2175 aciem
432 2110 523 2174 cultri
537 2110 587 2175 vel
603 2133 657 2179 cu·
858 2137 893 2204 Α

80 2219 133 2282 nei
148 2219 281 2303 cujusvis
298 2219 356 2282 As
373 2217 420 2297 133
443 2231 656 2307 etgowog,

80 2325 659 2406 fnuussemtme‚dlsldsuut
713 2324 786 2440 ἐκ

80 2436 170 2514 radii,
186 2437 321 2501 arcubus
335 2459 356 2501 o
370 2461 399 2500 vv
413 2459 443 2515 o,
459 2460 491 2500 m
506 2448 520 2502 t
533 2436 600 2515 m,l
615 2460 630 2501 s
644 2436 657 2502 l
717 2463 871 2531 f

78 2571 186 2612 versus
209 2550 345 2613 cultrum
366 2550 538 2628 incurvati3
560 2550 656 2637 idque
713 2551 962 2643 g

79 2657 179 2744 magis
195 2657 244 2721 vel
261 2658 363 2722 minus
378 2680 438 2742 pro
449 2657 657 2723 distantiaco·
779 2637 795 2663 χ
853 2644 860 2656 '
908 2643 924 2665 '⁶
966 2640 973 2653 ’

79 2787 150 2829 rum
167 2789 186 2828 a
200 2766 310 2831 cultro.
356 2768 439 2832 Cum
461 2780 567 2835 autem
587 2767 658 2835 tulis

78 2872 254 2936 incurvatio
268 2873 429 2937 radiorum
450 2873 507 2938 fiat
532 2874 565 2938 in
588 2877 660 2941 aiire

79 2995 171 3046 extra
201 2983 346 3060 cultrum,
378 2982 537 3048 debebunt
566 2984 659 3048 etium

79 3093 169 3171 radii,
186 3094 241 3180 qui
255 3094 399 3158 incidunt
413 3093 447 3157 in
464 3094 609 3172 cultrum,
625 3094 713 3179 prius
727 3092 885 3158 incurvari
909 3091 943 3156 in
964 3095 1037 3159 aiire
1059 3113 1154 3180 quam
1175 3094 1312 3162 cultrum
1333 3108 1381 3163 st·

77 3199 213 3287 tingunt.
263 3199 306 3265 Et
320 3222 378 3284 par
393 3212 443 3265 est
457 3201 538 3265 ratio
551 3199 758 3266 incidentium
773 3199 806 3263 in
820 3199 945 3263 vitrum.
991 3199 1031 3285 (⁸)
1055 3198 1107 3265 Fit
1117 3200 1213 3288 igitur
1223 3201 1380 3283 retractio,

77 3327 143 3369 non
160 3307 191 3370 in
207 3319 328 3391 puncto
342 3307 533 3386 incidentiae,
551 3307 606 3373 sed
621 3307 770 3393 paulatim
785 3328 844 3391 per
862 3305 1043 3371 continuam
1064 3306 1309 3373 incurvationem
1331 3332 1382 3374 ra·

79 3538 161 3586 datam
182 3555 277 3601 quoque
300 3555 349 3587 esse
367 3539 481 3586 rationem
503 3538 618 3588 linesrum
639 3538 659 3586 C
680 3538 716 3593 H,
751 3537 896 3585 instsutsnee
906 3550 955 3583 non
965 3543 1008 3593 est,
1019 3534 1061 3584 sed
1071 3537 1206 3595 diocesiis,
1223 3547 1248 3586 et
1262 3554 1305 3600 per
1319 3539 1382 3589 orbis

80 3604 109 3650 11
135 3604 158 3650 E
181 3619 235 3664 qum
256 3613 312 3650 sunt
333 3603 398 3650 sinus
419 3603 561 3666 ungulorum
583 3599 717 3650 incidentis!
750 3599 979 3665 magnidiametmm
986 3599 1088 3648 sensibili
1097 3600 1382 3664 diquorsnporediffuu-

84 3669 104 3715 C
120 3669 141 3713 B
156 3667 191 3723 H,
210 3677 235 3713 et
251 3667 401 3730 emergentia
420 3668 447 3714 H
462 3668 517 3714 FE
538 3666 616 3731 (558).
653 3667 717 3720 Num
748 3664 824 3718 datur,
837 3679 930 3712 seems
940 3673 976 3711 est
986 3677 1014 3712 ut
1024 3663 1129 3712 satellitis
1139 3665 1251 3728 ecclipsis,
1263 3683 1382 3730 quecun·

81 3732 104 3778 B
118 3731 163 3777 H:
181 3732 203 3777 G
219 3732 244 3778 H
263 3752 297 3776 =
321 3731 380 3779 CH
402 3751 407 3779 ι
434 3735 456 3778 Α
471 3732 496 3778 H
519 3734 572 3793 (seu
591 3731 613 3778 B
634 3730 673 3790 H)
693 3739 718 3777 et
749 3728 820 3792 tingit
829 3728 888 3776 dum
898 3727 966 3778 Jovis
976 3730 1083 3776 umbram
1094 3726 1165 3787 subit,
1180 3730 1270 3779 tsrdids
1285 3748 1300 3778 a
1315 3732 1382 3782 nobis

83 3794 109 3841 K
126 3795 171 3841 H:
189 3795 208 3841 F
223 3795 248 3840 H
262 3799 315 3858 (seu
328 3796 349 3842 B
364 3796 402 3856 H)
419 3815 454 3841 =
473 3795 499 3842 H
514 3795 539 3842 D
553 3797 607 3906 geu
621 3794 642 3841 B
656 3793 695 3854 Η)
708 3813 714 3842 s
749 3792 891 3840 videaturin
901 3791 984 3868 maiori
995 3790 1036 3840 ult
1051 3791 1119 3842 Jovis
1135 3792 1252 3851 distendi,
1272 3793 1342 3844 citids
1356 3796 1381 3844 in

84 3859 110 3905 H
127 3859 356 3920 E,etexaequo,K
372 3860 417 3907 H:
434 3861 457 3906 G
471 3859 542 3905 H=
587 3858 632 3905 H:
648 3858 715 3906 HE.
750 3856 842 3912 minori.
893 3853 923 3904 ui
939 3853 1032 3904 utitem
1048 3871 1073 3904 se
1088 3857 1173 3905 habere
1186 3857 1317 3908 Roemerus
1331 3858 1382 3909 sili·

82 3921 166 3977 Quare
178 3922 231 3968 (lutri
245 3924 334 3971 ratione
347 3924 369 3971 G
384 3924 410 3971 H
423 3923 453 3970 ad
466 3923 490 3970 K
502 3922 536 3977 H,
549 3921 719 3985 daturquoque
750 3935 797 3984 que
807 3918 878 3969 deind
907 3918 987 3983 plures
997 3919 1124 3968 “bonomi
1134 3923 1292 3971 metunt
1329 3922 1382 3972 Cu·

77 3986 141 4033 ratio
155 3987 180 4032 H
196 3986 217 4033 E
230 3986 260 4033 ad
275 3989 295 4034 C
310 3989 343 4034 H.
750 3995 826 4032 terum
838 3982 878 4032 elii
889 3999 965 4032 csusae
976 3993 1060 4045 prater
1066 3985 1218 4033 successivsm
1229 3984 1289 4038 lucis
1298 4002 1383 4051 props-

113 4051 151 4114 (¹¹)
170 4057 181 4080 '
201 4054 258 4101 Jam
273 4061 358 4100 emutat
368 4069 411 4113 per
425 4057 583 4113 pdaenomeno·
622 4048 719 4110 Jupiter
750 4048 869 4111 gationem
880 4047 1062 4111 inequalitatem
1070 4047 1135 4096 illam
1144 4048 1271 4098 satellitum
1278 4052 1384 4099 tribuen-

82 4130 139 4162 cum
158 4114 208 4160 suis
228 4127 330 4175 quatuor
349 4116 486 4163 satellitibus
505 4114 566 4162 circis
587 4114 662 4161 solemn
676 4111 721 4161 ced
752 4112 808 4160 dam
818 4127 868 4160 ease
878 4111 999 4160 contendit
1011 4112 1105 4165 clariss.
1120 4112 1245 4161 Mssaldus
1259 4114 1285 4162 in
1295 4129 1382 4165 comm.

81 4190 192 4226 centrum
210 4180 336 4225 revolvitur
352 4180 377 4224 in
397 4179 525 4241 trajectorii
543 4195 595 4240 quar
611 4178 720 4225 tellurem
755 4175 829 4225 Paris.
846 4180 914 4226 170⁷.
927 4175 992 4239 quod
1002 4176 1072 4224 edam
1082 4177 1129 4239 J’am
1141 4187 1208 4225 untes
1221 4178 1313 4242 Magno
1326 4180 1383 4229 Cu·

78 4243 172 4290 ambitu
186 4258 229 4288 suo
247 4243 416 4303 complectitur,
437 4243 501 4290 unde
517 4242 544 4289 fit
561 4254 588 4290 ut
606 4238 720 4303 perpetuo
751 4241 803 4288 sino
818 4240 896 4288 visum
911 4239 995 4288 suerat.
1033 4239 1080 4288 Sed
1097 4241 1246 4290 Clarissimus
1264 4244 1383 4309 Granjaun

80 4318 191 4355 mutetur
208 4307 276 4355 Jovis
287 4324 300 4352 a
312 4307 396 4354 tellure
415 4307 532 4362 dissentia,
550 4323 612 4368 que,
632 4305 721 4353 ceteris
752 4304 803 4369 ejus
810 4304 956 4367 “gementis
963 4303 1117 4365 respondetis
1126 4319 1211 4353 comm.
1224 4306 1298 4356 Paris.
1312 4312 1381 4359 1732

81 4371 186 4432 paribus,
199 4370 297 4417 minima
309 4382 351 4427 est,
364 4371 446 4417 tellure
453 4371 526 4418 solem
537 4370 597 4418 inter
604 4380 628 4417 et
636 4369 721 4419 Jovem
753 4370 837 4416 hoium
848 4367 1018 4417 dinenetiones
1028 4367 1080 4416 vide
1091 4365 1130 4416 sis.

81 4435 169 4495 positi,
181 4435 285 4481 murima
297 4434 359 4488 verb,
371 4434 420 4480 sole
434 4435 494 4481 inter
510 4434 595 4484 Jovem
612 4443 635 4481 et
651 4432 721 4481 tellu-
787 4431 823 4496 (¹)
842 4436 855 4463 ⁰
876 4435 949 4487 Quasi
959 4434 1029 4492 magis
1041 4435 1141 4481 attracti.
1178 4432 1235 4482 Alis
1245 4435 1384 4499 egregiam·

82 4515 133 4546 rem
145 4498 229 4552 looeto.
243 4509 313 4560 atque
325 4500 408 4544 harum
420 4497 583 4546 distantiarum
592 4497 723 4546 differentis
754 4498 884 4558 periments
893 4494 946 4544 vide
957 4496 982 4542 in
992 4495 1102 4544 Newtoui
1112 4494 1191 4556 optici
1200 4498 1268 4547 initio
1278 4500 1317 4548 lib.
1329 4506 1385 4555 sset

81 4564 145 4609 orbis
158 4563 238 4626 magui
250 4562 370 4617 diametro,
383 4578 425 4609 seu
442 4561 521 4623 duplse
538 4561 653 4610 durentiae
664 4561 720 4608 solis
751 4570 833 4624 quest.
848 4566 886 4610 29.
1374 4558 1377 4563 ’

81 4624 169 4675 steni
182 4627 278 4689 aquata
290 4636 331 4674 est.
369 4627 395 4675 Si
414 4626 487 4690 igitur
504 4625 565 4674 lucis
584 4625 720 4690 propagatio
785 4623 824 4691 (⁸)
842 4628 856 4656 ⁰
873 4626 916 4675 Fit
934 4623 1006 4686 igitur
1024 4624 1133 4690 rgfradie
1150 4635 1172 4675 ct
1191 4628 1286 4695 reficite.
1323 4626 1385 4678 Vide

118 4712 181 4758 Vos.
204 4712 225 4760 l.
722 4708 775 4757 Dd
