3098 5534
127 371 171 433 42
398 364 741 460 PHILOSOPHIAE·
757 369 1029 437 NATURALIS
1167 369 1315 449 [Amore.
1330 384 1403 433 sm

118 549 165 603 tes
191 549 265 601 sunt
283 535 441 620 reciproce
462 550 498 600 ut
518 537 599 600 vires
618 538 731 601 insitae:
755 533 816 620 (¹¹)
833 536 924 600 sicin
937 535 1097 601 movendis
1110 532 1323 598 instrumentis
1337 554 1403 596 me-

117 642 253 706 chanicis
279 643 401 729 agentia
415 642 498 705 idem
520 643 639 727 pollent
660 655 693 706 et
707 642 866 706 conatibus
881 643 1043 706 contrariis
1067 664 1100 706 se
1114 652 1223 704 mutuo
1238 639 1401 715 sustinent,

118 771 251 834 quorum
276 749 452 813 velocitates
475 750 646 813 secundum
671 749 961 813 determinationem
987 748 1100 812 virium
1128 746 1299 823 estimetur,
1330 754 1404 808 sunt

118 853 276 938 reciproce
300 867 336 919 ut
359 855 450 918 vires.
495 855 547 918 Sic
571 854 711 939 pondere
724 855 924 941 aequipollent
938 853 980 918 ud
993 851 1147 917 movenda
1159 850 1287 916 brachiu
1301 850 1400 928 libre,

119 982 189 1045 quae
211 959 371 1024 oscillente
394 958 472 1023 libri
488 971 560 1023 sunt
580 958 738 1043 reciproce
762 973 919 1023 uteorum
932 958 1110 1023 velocitates
1125 979 1248 1023 sursum
1262 969 1294 1020 et
1308 956 1401 1020 deor-

118 1087 201 1127 sum:
223 1064 285 1127 boc
310 1077 357 1128 est
384 1064 532 1148 pondere,
556 1065 583 1127 si
607 1063 692 1128 rectd
716 1065 887 1129 ascendunt
908 1078 940 1129 et
961 1064 1163 1141 descendunt,
1186 1062 1399 1148 aequipollent,

118 1192 190 1254 quae
215 1189 288 1232 sunt
311 1168 468 1253 reciproce
491 1183 526 1233 ut
550 1165 736 1255 punctom'm
757 1193 777 1232 e
798 1169 909 1255 quibus
931 1169 1162 1253 suspenduntur
1183 1168 1338 1233 distantiae
1359 1166 1400 1230 eb

117 1297 179 1338 uxe
200 1274 301 1351 librae3
327 1276 375 1338 sin
399 1276 499 1359 plenis
514 1276 647 1362 obliquis
668 1276 773 1339 aliisve
794 1275 926 1340 sdmotis
941 1275 1106 1339 obstaculis
1121 1273 1269 1358 impedita
1291 1295 1399 1337 ascen-

119 1380 199 1443 dunt
212 1380 261 1443 vel
275 1380 468 1445 descendunt
480 1380 614 1465 oblique,
637 1380 845 1467 aequipollent,
862 1404 932 1466 quae
948 1393 1019 1444 sunt
1033 1377 1191 1464 reciprood
1205 1391 1241 1444 ut
1254 1400 1399 1444 ascensus

119 1498 151 1549 et
173 1485 349 1563 descensus,
372 1485 524 1571 quitenus
544 1486 617 1549 facti
642 1486 811 1550 secundum
833 1485 1101 1570 perpendiculmn:
1125 1484 1218 1571 idque
1240 1486 1282 1550 ob
1296 1486 1399 1550 deter-

118 1590 319 1653 minationem
344 1591 501 1677 grsvitetis
523 1591 678 1656 deorsum.
722 1591 871 1657 Similiter
891 1591 924 1654 in
938 1591 1076 1655 trochlee
1090 1614 1144 1657 seu
1158 1591 1339 1676 polyspasto
1353 1592 1398 1654 vis

119 1695 231 1759 mentis
245 1694 352 1759 funem
366 1694 482 1759 directe
503 1696 663 1774 trahentis,
686 1719 756 1783 quae
771 1697 811 1760 sit
823 1696 864 1760 ud
877 1696 1001 1781 pondus
1015 1696 1064 1760 vel
1079 1695 1195 1760 directe
1209 1696 1259 1760 vel
1273 1691 1399 1782 obliqud

118 1800 289 1864 ascendens
315 1812 351 1863 ut
374 1800 519 1865 velocitas
542 1824 686 1866 ascensus
708 1801 971 1889 perpendicularis
997 1801 1038 1865 ud
1066 1802 1258 1866 velocitatem
1286 1824 1398 1867 manus

117 1903 226 1968 fmrem
254 1905 414 1983 trahentis,
437 1907 600 1978 sustinebit
627 1907 760 1992 pondus.
803 1908 843 1971 In
867 1907 1036 1993 horologiis
1058 1919 1090 1970 et
1111 1907 1261 1970 similibus
1283 1908 1398 1972 instru-

118 2010 240 2088 mentis,
263 2032 334 2096 quae
359 2033 400 2075 ex
422 2013 530 2076 rotulis
555 2013 725 2078 commissis
751 2025 927 2076 constructe
954 2024 1036 2089 sunt,
1066 2012 1146 2076 vires
1172 2014 1335 2076 conbariae
1356 2014 1397 2077 ud

118 2129 238 2181 motum
262 2116 433 2180 rotulurum
457 2120 704 2202 promovendum
724 2130 757 2183 et
770 2116 1011 2204 impediendum,
1034 2116 1061 2182 si
1084 2131 1157 2182 sunt
1179 2118 1336 2202 reciproce
1362 2132 1398 2185 ut

117 2293 144 2330 to
154 2280 306 2328 menifestum
316 2291 352 2329 est
362 2283 533 2346 oquelemerse
544 2286 598 2334 ferri
608 2287 634 2335 in
644 2303 741 2350 mugnu-
771 2285 799 2334 ce
823 2295 850 2334 ut
865 2285 925 2334 vires
948 2284 1077 2334 ubsolutoe.
1091 2317 1098 2332 .
1112 2317 1139 2332 ·.
1159 2287 1330 2335 Deru—Dure
1353 2303 1396 2349 po·

118 2357 167 2393 tem
178 2355 202 2392 et
213 2346 462 2406 mugnctirinl'errum
472 2350 595 2402 ationem.
630 2351 741 2399 Similiter
771 2349 857 2405 tentia,
874 2365 922 2405 teu.
944 2349 1008 2412 qu⁰d
1023 2348 1085 2395 idem
1106 2359 1147 2402 cst,
1164 2349 1212 2396 duo
1230 2350 1333 2409 pondere
1351 2367 1396 2413 ope

119 2548 145 2583 to
156 2535 231 2583 ullove
246 2534 400 2582 instrumento
410 2537 513 2597 repellat,
531 2543 741 2602 cymbainpurtes
771 2539 858 2587 mereri
879 2555 896 2586 n
925 2549 985 2594 uest,
1011 2539 1069 2600 quin
1089 2538 1181 2598 pondus
1198 2539 1298 2586 alterurn
1315 2540 1395 2590 eunus

118 2598 738 2663 crontrrrirrcururequeliurottirquentitsteferentur⁸
770 2602 908 2664 pmprtmi
927 2604 963 2649 ‘us
979 2601 1127 2650 directionem
1144 2603 1229 2664 rupist3
1246 2603 1328 2651 siloco
1344 2620 1396 2653 rne-

119 2662 153 2708 iti
163 2670 191 2707 ut
201 2675 282 2707 eurum
292 2660 425 2711 runcinum
433 2664 480 2712 n'nr
489 2664 515 2712 in
525 2667 615 2714 nume
625 2669 740 2728 reciproci
771 2666 846 2713 chine
865 2664 924 2713 daur
941 2666 1094 2713 submittuntur
1108 2666 1179 2712 rectis
1193 2667 1261 2728 cujus
1271 2666 1395 2730 longitudo

119 2722 257 2785 ponderum.
771 2739 795 2776 et
812 2728 975 2790 hypomocliou
987 2728 1043 2776 uli·
1052 2729 1105 2782 sint,
1123 2739 1151 2776 ut
1161 2728 1209 2776 duo
1220 2729 1322 2788 pondere
1329 2731 1393 2791 dere,

151 2783 189 2849 (h)
203 2791 255 2833 loo.
276 2785 305 2832 ln
321 2788 441 2837 numidis
456 2791 615 2842 intrumentis
624 2797 741 2845 merbrui·
772 2793 843 2840 vectis
859 2792 1040 2840 exueuritetibus
1054 2807 1161 2852 appensa,
1181 2792 1262 2839 eidem
1278 2794 1394 2843 celeritete

119 2850 159 2903 cie,
175 2849 269 2911 egentis
283 2849 345 2895 idem
356 2851 444 2910 pollent
454 2864 478 2901 et
487 2857 608 2905 cornubus
622 2861 742 2907 contrariis
772 2871 800 2903 rc
810 2856 835 2903 in
845 2855 952 2903 mrcbini
968 2855 1021 2903 deti
1036 2870 1086 2902 κω
1096 2854 1180 2902 mutuo
1189 2868 1304 2912 moveant,
1321 2857 1391 2907 iidem

119 2928 145 2961 ne
161 2923 245 2960 mutuo
261 2912 382 2968 sustinent,
399 2931 500 2977 quorum
518 2919 650 2971 velocium
659 2939 742 2971 oecun·
772 2930 842 2967 erunt
860 2919 886 2966 in
901 2928 965 2966 vecte
975 2928 999 2967 ct
1008 2918 1033 2966 iu
1046 2916 1153 2968 mutini
1162 2918 1216 2974 deti
1227 2929 1324 2967 emetur
1334 2936 1393 2983 pon·

120 2975 179 3024 dum
189 2976 339 3026 merom
354 2978 439 3027 virium
449 2981 569 3033 artium
578 2996 634 3035 erut
643 2982 745 3050 reciprol
774 2983 857 3030 derum
875 2983 899 3030 in
909 2997 937 3030 se
945 2984 1037 3040 mutui.
1054 2989 1135 3034 eedem
1146 2987 1248 3047 ipsorum
1258 2995 1392 3049 momcnu3

772 3047 807 3093 vis
817 3046 880 3096 enirn
895 3049 985 3110 eedem¹
994 3050 1118 3111 requiritur
1136 3049 1166 3097 rd
1176 3050 1274 3098 eundem
1284 3049 1392 3100 velocite-

772 3120 821 3158 tcm
839 3111 968 3160 secundum
983 3112 1081 3160 eundem
1096 3112 1247 3160 directionem
1266 3114 1291 3163 iu
1310 3114 1393 3165 iisdem

772 3176 906 3236 corporibus
923 3175 1103 3236 producendam.
1139 3177 1222 3239 ltaque
1237 3178 1309 3224 rectis
1323 3179 1348 3226 D
1361 3179 1391 3235 R

766 3239 919 3293 irorirontulis,
936 3255 992 3287 cum
1007 3241 1113 3300 rppcnsis
1128 3241 1270 3300 ponderibus
1290 3243 1313 3289 Α
1324 3251 1349 3289 et
1360 3244 1391 3297 B,

765 3303 957 3350 roteturcircsh
1028 3303 1105 3350 oclion
1118 3304 1145 3360 C,
1163 3314 1189 3350 ut
1200 3304 1270 3350 situm
1281 3303 1298 3351 d
1309 3321 1328 3358 e,
1346 3308 1390 3353 ob-

765 3366 846 3419 tinoet,
864 3376 920 3427 etp
964 3377 1046 3413 ucstur
1064 3366 1131 3413 iilum
1150 3366 1201 3421 ad,
1219 3383 1292 3430 usque
1310 3369 1340 3415 ed
1359 3369 1391 3428 1²3

766 3428 860 3488 pondus
885 3432 915 3484 A,
943 3429 1073 3477 secundum
1094 3431 1211 3491 proprium
1232 3430 1390 3487 directionum,

766 3492 881 3552 percurrit
947 3493 997 3540 ‘um
1018 3493 1082 3551 Fd;
1099 3505 1123 3541 et
1141 3493 1232 3554 pondus
1256 3494 1285 3548 B,
1310 3495 1392 3544 contu

766 3555 881 3616 proprium
917 3557 1051 3604 ircctionem
1066 3557 1148 3603 codem
1164 3567 1267 3618 ternpore
1277 3560 1392 3618 percurrit

766 3619 866 3678 epetium
885 3620 908 3667 G
919 3634 944 3677 e;
960 3618 1064 3681 ededque
1079 3621 1162 3666 horum
1181 3620 1311 3680 ponderum
1326 3623 1390 3670 relo-

766 3683 846 3730 citeter
864 3693 919 3730 runt
937 3697 1026 3743 semper
1037 3685 1147 3743 utsputie
1163 3684 1214 3735 Fd,
1234 3685 1288 3736 Ge.
1306 3685 1390 3734 eodem

766 3755 870 3806 tempore
880 3761 994 3807 percurre.
1030 3747 1180 3794 Momentum
1197 3748 1305 3807 ponderis
1315 3765 1336 3803 u,
1354 3761 1391 3798 ert

767 3819 794 3855 ut
809 3825 824 3856 ι
841 3816 866 3866 Χ
888 3810 908 3858 F
926 3809 958 3867 C;
974 3821 1121 3857 momentum
1138 3811 1245 3872 ponderis
1266 3814 1288 3868 b,
1306 3823 1341 3860 est
1362 3825 1390 3862 ut

766 3873 782 3919 b
794 3879 819 3929 Χ
835 3874 855 3920 C
868 3874 891 3920 G
901 3876 942 3937 (⁴7
953 3871 970 3931 ).
999 3873 1045 3921 Sed
1055 3875 1085 3921 ob
1096 3873 1272 3921 similitudinem
1283 3875 1388 3939 trirngu.

765 3935 841 3982 lorum
864 3936 884 3982 F
918 3935 1003 3994 0d‚e
1024 3938 1044 3984 C
1066 3938 1100 3995 G;
1120 3938 1139 3985 F
1158 3939 1391 3987 C2CG=Fd:

768 3999 822 4046 Ge.
859 4000 924 4063 Ergo
942 4011 1060 4047 momenta
1076 4000 1205 4060 ponderum
1224 4017 1238 4048 u
1256 4013 1280 4049 et
1295 4005 1316 4055 b.
1333 4014 1391 4052 suut

765 4062 826 4109 inter
842 4079 866 4109 re
884 4074 911 4110 ut
927 4071 979 4121 ux
995 4063 1048 4118 Fd,
1066 4066 1150 4121 etbx
1167 4066 1225 4121 Ge;
1242 4076 1390 4114 seumntut

764 4126 825 4173 secu
836 4142 864 4173 er
883 4126 1023 4187 pondcrssrus
1038 4128 1063 4173 in
1080 4144 1121 4173 sur
1133 4128 1256 4187 respective
1266 4131 1339 4188 spatis
1349 4146 1390 4178 eo.

764 4189 818 4236 dem
837 4199 940 4250 tempore
957 4206 1071 4251 percursa.
1090 4189 1193 4252 adeoque
1208 4193 1278 4239 etiem
1290 4193 1390 4241 utirctr

763 4267 792 4298 er
814 4253 955 4312 ponderibus
976 4254 1001 4300 in
1018 4270 1071 4299 suns
1092 4254 1216 4314 respectird
1242 4255 1389 4314 velocitatem

763 4316 862 4376 quereri
879 4317 940 4364 iectu
956 4317 997 4364 ills
1013 4317 1112 4378 aequuliu
1127 4319 1178 4372 sint,
1196 4329 1237 4365 aut
1251 4318 1314 4380 quod
1325 4321 1389 4367 idem

763 4389 804 4431 cst.
822 4378 841 4426 ri
861 4380 963 4441 pondera
979 4397 1020 4427 scu
1037 4381 1095 4427 vires
1106 4382 1152 4428 sint
1162 4382 1277 4442 reciproce
1289 4393 1316 4429 ut
1326 4385 1389 4431 velo-

763 4443 843 4489 citrtes
861 4443 991 4491 recundbm
1009 4444 1145 4491 directiones
1161 4446 1245 4492 virium
1261 4446 1387 4502 resumere,

763 4505 807 4551 erit
819 4507 983 4568 equilibrium.
1020 4508 1052 4562 Q„
1065 4523 1086 4554 e.
1100 4509 1123 4553 d.

799 4574 850 4617 101.
867 4573 947 4619 Coreli.
972 4569 1034 4618 cum
1045 4587 1072 4617 ex
1085 4574 1253 4627 dernenstretis,
1270 4585 1389 4622 momente

763 4629 848 4681 virium
867 4633 914 4682 sirit
930 4649 1023 4697 semper
1039 4645 1066 4683 ut
1084 4635 1145 4683 ieme
1163 4652 1192 4684 ex
1209 4638 1232 4685 vi
1250 4638 1389 4702 quilibetiu
