3098 5534
115 388 179 449 16⁸
379 355 722 438 umosoemm
743 344 1028 422 NATURALIS.
1053 402 1056 407 .
1107 337 1224 427 [Moe
1246 336 1413 407 Οοιιοι

128 552 132 558 ’
155 553 197 620 ln
208 542 271 616 hta
283 544 507 633 propositione,
529 550 562 605 et
574 559 648 602 casu
659 529 797 600 secundo
814 519 1036 612 propositionis
1050 515 1220 604 superioris
1243 524 1412 579 consumo·

115 656 438 730 tioneseaedemsunt,
460 651 623 714 siverecta
637 641 713 708 ΧΥ
727 634 1028 724 trajectoriamsecet
1050 621 1240 700 inXetY,
1263 621 1412 685 eirenen

116 779 215 845 secete
236 785 344 850 eaeque
357 781 424 825 non
435 755 576 843 pendent
593 752 634 816 ab
648 749 709 814 hio
730 744 878 811 sectione.
924 736 988 803 Sed
1002 729 1223 800 &monebatis
1244 737 1412 793 consano·

115 876 253 943 tionibus
266 872 321 937 ubi
334 880 420 934 recta
432 864 487 929 illa
504 858 712 947 trajectoriam
737 861 831 928 secet,
853 850 1052 915 innotescunt
1075 835 1334 912 constructiones,
1357 832 1413 898 nbi

115 1007 180 1050 non
195 995 297 1057 secat3
319 978 417 1063 iisque
430 973 513 1036 ultra
525 960 776 1034 demonstrandis
783 954 942 1023 brevitatis
956 948 1056 1041 grstii
1067 969 1133 1013 uon
1146 946 1308 1011 immoror.

608 1282 785 1359 LEMMA
808 1278 926 1360 XXII.

384 1546 515 1632 Figms
527 1543 562 1606 in
575 1538 655 1603 alias
668 1532 791 1620 q‘esdem
808 1527 926 1616 genm’s
936 1525 1059 1609 figuras
1068 1524 1192 1585 mutare
1248 1553 1253 1567 ·

166 1787 422 1863 Transmutanda
436 1787 476 1851 sit
488 1784 590 1875 figura
615 1776 731 1878 quaevis
746 1769 784 1840 H
800 1771 834 1837 G
856 1768 884 1835 Ι.
928 1767 1095 1832 Ducentur
1118 1756 1310 1846 prolubio
1323 1767 1418 1823 reeta

122 1903 194 1968 duae
212 1897 370 1987 parallelis
385 1896 417 1960 A
432 1892 474 1972 Ο,
490 1891 520 1955 Β
534 1888 696 1953 Lsertiam
708 1876 849 1968 quamvis
857 1873 1010 1959 positione
1024 1869 1129 1933 datam
1140 1867 1172 1929 A
1189 1863 1219 1930 B
1233 1875 1373 1929 secantes
1386 1862 1417 1927 in

116 2006 148 2071 A
168 2021 199 2074 et
214 2008 253 2085 B,
270 2019 302 2071 et
315 2027 335 2069 a
348 2003 459 2090 figure
472 2008 590 2083 puncto
604 1992 712 2081 quovis
728 1989 772 2067 G,
787 1985 829 2051 ad
839 1994 955 2048 rectam
970 1980 1002 2042 A
1014 1977 1043 2042 Β
1057 1977 1190 2041 ducatur
1200 1973 1318 2062 quaevis
1329 1971 1365 2037 G
1374 1969 1416 2050 D,

121 2116 184 2203 ipsi
213 2113 246 2180 0
272 2112 303 2177 A
323 2107 481 2196 parallela.
526 2102 653 2170 Deinde
681 2121 700 2163 s
724 2105 841 2182 puncto
866 2089 971 2175 aliquo
993 2084 1036 2163 O,
1072 2085 1106 2149 iu
1125 2084 1209 2149 linea
1232 2082 1314 2150 OA
1334 2081 1417 2161 dato,

124 2222 162 2287 ad
179 2231 330 2306 punctum
340 2217 373 2281 D
385 2215 517 2279 ducatur
531 2231 599 2274 reo-

125 2336 157 2388 ta
172 2323 263 2400 OD,
279 2318 597 2405 ipsiBLoocurrens
702 2331 712 2353 ,‹

125 2431 159 2494 in
173 2430 205 2509 d,
228 2441 293 2493 eta
317 2436 435 2510 puncto
449 2443 596 2486 occursus

127 2537 264 2622 erigatur
288 2543 374 2596 recta
401 2528 423 2591 d
445 2550 468 2615 g
488 2525 596 2589 datum
654 2609 658 2615 Ι

127 2638 266 2726 quemvis
280 2634 431 2722 angulum
442 2653 514 2696 cum
528 2650 595 2693 reo-
788 2646 795 2660 ·

127 2746 159 2812 tei
191 2745 272 2810 BL
300 2741 473 2817 continens,
504 2748 598 2821 atque

129 2874 198 2917 eam
227 2849 345 2913 habens
371 2845 523 2910 rationem
556 2840 596 2904 ed
725 2879 729 2887 ·

130 2956 162 3021 0
184 2954 314 3040 dquam
336 2949 430 3014 habet
445 2949 478 3012 D
502 2945 536 3011 G
557 2942 598 3008 ad

131 3062 163 3127 0
179 3061 213 3126 D
221 3085 230 3138 ;
254 3057 355 3123 eterit
367 3080 390 3144 g
403 3053 598 3141 punctumin

130 3168 232 3256 figuris
254 3165 334 3231 novis
357 3164 378 3227 h
399 3163 455 3252 gi
482 3170 599 3246 puncto

131 3274 167 3338 G
217 3269 419 3355 respondens.
479 3263 600 3330 Eidem

133 3380 253 3444 ratione
278 3388 394 3462 puncta
419 3372 542 3461 singula
564 3372 601 3435 fi-

133 3507 222 3573 gurae
236 3484 347 3576 primoe
369 3481 489 3545 dabunt
502 3501 601 3564 punc-
621 3475 653 3540 A

136 3605 169 3658 ta
204 3590 336 3656 totidem
373 3589 485 3677 figurae
505 3609 605 3652 novoe.
650 3590 790 3675 Concipe
833 3590 929 3678 igitur
961 3601 1113 3674 punctum
1158 3590 1191 3656 G
1230 3605 1320 3657 motu
1356 3612 1433 3658 con·

138 3699 227 3763 tinuo
250 3719 434 3782 percurrere
456 3707 575 3780 puncta
609 3697 715 3760 omnia
743 3697 854 3783 figurae
893 3696 1014 3781 primae,
1052 3710 1084 3761 et
1107 3710 1258 3782 punctum
1281 3722 1305 3787 g
1343 3712 1434 3764 motu

138 3806 248 3870 itidem
262 3804 411 3869 continuo
425 3814 587 3887 percurret
601 3815 717 3889 puncta
728 3805 833 3867 omnia
847 3803 957 3891 figurae
969 3826 1058 3868 novae
1074 3817 1106 3868 et
1120 3804 1252 3871 eandem
1267 3805 1437 3873 describet.

141 3911 361 3978 Distinotionis
380 3909 481 4000 gratii
495 3909 692 3974 nominemus
707 3911 741 3974 D
765 3910 798 3975 G
812 3910 988 3974 ordinatam
1009 3912 1151 3994 primam,
1174 3912 1197 3975 d
1218 3912 1437 4000 gordinatam

141 4042 275 4095 novam3
299 4019 330 4083 A
342 4015 377 4082 D
399 4016 565 4082 abscissam
585 4018 729 4103 primam,
752 4040 771 4082 a
787 4019 811 4084 d
826 4018 993 4083 abscissam
1011 4040 1124 4081 novam
1135 4043 1144 4094 3
1167 4018 1199 4083 0
1210 4019 1329 4104 poium,
1353 4019 1389 4085 0
1400 4021 1438 4087 D

140 4127 264 4190 radium
289 4124 533 4202 abscindentem,
558 4123 589 4189 O
605 4125 773 4189 Aradium
795 4124 973 4190 ordinatum
986 4125 1133 4210 primum,
1160 4138 1192 4191 et
1206 4126 1238 4191 0
1252 4150 1272 4190 a
1287 4131 1364 4213 (quo
1378 4149 1438 4214 po·

142 4232 428 4320 ralleiogrammum
442 4229 475 4296 0
490 4233 520 4295 A
532 4230 561 4294 B
575 4254 595 4295 a
608 4233 795 4317 completur)
811 4232 933 4297 radium
942 4231 1120 4296 ordinatum
1134 4254 1259 4296 novum.

187 4338 271 4403 Dioo
280 4341 347 4425 jam
362 4337 457 4425 quod,
480 4338 508 4402 si
522 4350 673 4423 punctum
689 4340 721 4405 G
744 4341 844 4427 tangit
869 4352 985 4405 rectem
1010 4339 1126 4402 lincam
1147 4340 1302 4424 positione
1316 4338 1439 4421 datarn,

144 4455 296 4530 punctum
309 4468 332 4532 g
346 4458 453 4534 tanget
476 4446 569 4510 etiam
588 4447 703 4511 lineam
717 4460 833 4512 rectam
847 4448 1001 4533 positione
1016 4446 1130 4512 datam.
1177 4447 1211 4513 Si
1233 4461 1388 4533 punctum
1405 4450 1441 4518 G

146 4551 248 4639 tangit
271 4552 413 4622 conicum
434 4557 603 4621 sectionem
620 4566 771 4639 punctum
785 4578 808 4642 g
822 4568 933 4643 tanget
957 4555 1050 4620 etiam
1079 4556 1219 4620 conicsm
1255 4556 1442 4624 sectionem.

150 4657 274 4724 Conicis
289 4657 477 4724 sectionibus
492 4659 543 4725 hic
557 4663 707 4729 &culum
721 4684 903 4727 annumero.
949 4662 1049 4727 Porro
1064 4665 1089 4726 si
1110 4675 1260 4748 punctum
1278 4663 1311 4728 G
1338 4667 1443 4754 tetigit
