3098 5534
187 377 210 433 4
501 354 841 426 PHILOSOPHIAE
869 353 1141 424 NATURALIS
1304 359 1489 438 [Darium.

182 540 221 606 it:
243 537 298 602 sed
312 547 414 600 mona
428 545 460 598 et
473 533 570 619 quiea,
593 531 639 594 uti
654 529 750 615 vulgo
765 527 993 612 concipiuntur,
1015 541 1157 614 respectu
1171 529 1238 594 solo
1252 530 1487 619 distinguuntur

182 645 224 710 ab
237 644 383 719 invicem3
405 660 507 726 neque
520 657 643 722 semper
656 634 728 701 vere
741 634 905 722 quiescunt
925 655 997 721 quse
1017 635 1113 724 vulgo
1133 648 1282 725 tauquam
1296 638 1490 725 quiescentia

108 770 148 855 ,ᾗ
184 761 369 838 parantur.

634 948 884 1018 nuruumo
906 949 965 1016 1v.
988 950 1036 1035 (e)

189 1111 242 1177 Vis
252 1109 391 1191 impresso
402 1114 445 1170 est
454 1105 534 1169 aetio
543 1099 894 1184 temerantiam
901 1096 1487 1182 mandamejmstatmaoclquiesoendr

376 1202 381 1213 ⁴
521 1208 720 1275 velmonmvdi
732 1205 919 1293 uniformiter
933 1206 967 1268 in
981 1205 1131 1268 directim.

227 1359 375 1427 Consistit
406 1357 476 1422 hac
498 1356 544 1420 vis
566 1356 600 1420 in
623 1354 745 1421 actione
773 1349 848 1431 soii,
872 1372 973 1438 neque
997 1361 1068 1435 post
1090 1350 1244 1414 actionem
1264 1362 1430 1435 permanet
1450 1351 1486 1415 in

183 1490 324 1554 corpore.
371 1465 551 1531 Perseverat
564 1462 647 1528 euim
663 1481 775 1546 corpus
789 1459 823 1521 in
837 1469 917 1521 statu
939 1457 1026 1520 omni
1045 1478 1128 1520 novo
1140 1479 1199 1542 per
1213 1456 1311 1521 solam
1325 1457 1389 1520 vim
1404 1457 1490 1522 iner-

184 1576 245 1642 tiae.
291 1575 348 1639 Est
370 1584 473 1638 autem
500 1572 545 1634 vis
567 1570 715 1663 impressa
740 1565 931 1631 diversarum
952 1563 1121 1652 originum,
1143 1575 1233 1628 utex
1247 1563 1321 1643 ictu,
1344 1586 1385 1627 ex
1399 1585 1490 1650 prea-

183 1683 280 1764 sione,
303 1704 344 1747 ex
357 1680 388 1745 vi
403 1676 583 1764 centripeti.

679 1875 931 1950 DEFINITIO
952 1876 993 1941 V.

187 2034 240 2100 Vis
256 2033 429 2116 Centripela
443 2039 496 2107 est,
518 2026 578 2112 φά
591 2046 717 2110 corpora
731 2046 829 2091 uersus
844 2031 985 2109 pianum
999 2023 1124 2107 aliquod
1135 2032 1276 2108 tanquam
1289 2025 1334 2088 ad
1348 2025 1489 2091 Centrum

376 2137 504 2220 aridique
517 2135 687 2211 trahuntur,
703 2133 904 2216 impensam,
919 2129 966 2194 uel
979 2137 1122 2213 motasque
1135 2131 1268 2194 tandm

226 2288 334 2374 Hujus
356 2284 479 2375 generis
504 2293 550 2346 est
574 2280 729 2358 Gravitas,
753 2276 815 2366 qui
837 2283 970 2361 corpora
991 2275 1124 2341 tendunt
1148 2275 1189 2340 ad
1212 2288 1355 2341 centnm
1379 2289 1490 2357 terroe3

184 2395 241 2461 Vis
256 2394 447 2483 Magnetica,
471 2390 532 2477 quai
554 2388 671 2452 ferrum
692 2386 772 2471 petit
792 2396 982 2472 magnetem
1005 2394 1037 2447 et
1058 2383 1115 2447 Vis
1128 2382 1192 2463 illa,
1215 2406 1411 2472 quacunque
1435 2386 1488 2465 sit,

182 2502 243 2590 qui
260 2502 399 2567 Piauetae
413 2509 566 2584 perpetuo
580 2492 781 2559 retrahuntur
795 2516 815 2556 a
828 2491 964 2558 motibus
985 2487 1160 2571 recn'lineu,
1183 2503 1215 2557 et
1234 2492 1269 2556 in
1282 2491 1371 2557 lineis
1386 2492 1490 2559 curvis

182 2607 298 2674 revolvi
322 2617 487 2693 coguntur.
540 2602 646 2687 Lapis,
678 2600 711 2664 in
734 2598 832 2664 fundi
856 2599 1069 2678 circumactus,
1092 2621 1112 2663 a
1137 2599 1367 2688 circumagente
1391 2621 1490 2665 mann

182 2716 269 2780 abire
283 2725 427 2789 conatum
450 2722 482 2775 ot
495 2719 608 2773 conatu
624 2728 681 2772 suo
702 2705 832 2770 findam
853 2706 1009 2785 distendit,
1032 2728 1133 2792 eoque
1155 2704 1264 2770 fortius
1278 2729 1342 2794 quo
1356 2707 1490 2774 ederim

184 2820 364 2898 revolvitur3
387 2829 419 2883 et
432 2815 665 2904 quamprimum
689 2813 866 2892 dimittitur,
888 2812 1000 2877 avolat
1044 2811 1120 2877 Vim
1142 2813 1270 2879 conatui
1294 2813 1341 2879 ilii
1362 2825 1489 2881 contra·

181 2927 271 3008 riam,
294 2924 356 3014 qui
378 2923 476 2990 funda
498 2921 634 3009 lapidem
655 2921 689 2985 in
712 2941 840 2984 manum
862 2917 1015 3005 perpetuo
1036 2919 1166 2984 retrahit
1180 2931 1211 2985 et
1224 2920 1258 2985 iu
1272 2922 1350 2987 orbe
1363 2923 1489 3001 retinet,

181 3034 330 3123 quonism
354 3033 387 3096 in
416 3050 545 3095 manum
570 3050 627 3094 ceu
650 3027 735 3091 orbis
757 3042 899 3092 caunum
922 3026 1077 3115 dirigitur,
1109 3028 1322 3114 Centripetam
1351 3030 1490 3116 appello.

184 3140 227 3206 Et
239 3162 298 3226 par
312 3152 358 3204 est
372 3139 452 3203 ratio
466 3133 512 3215 (ἴ)
528 3157 696 3220 corporum
711 3135 861 3212 omnium,
885 3155 956 3221 quae
979 3134 1013 3198 iu
1033 3157 1148 3222 gyrum
1168 3147 1312 3224 aguntur.
1359 3137 1487 3205 Conan-

182 3261 234 3312 tur
247 3269 285 3312 ea
299 3246 406 3310 omnia
426 3267 446 3309 a
467 3243 581 3308 centris
604 3242 729 3306 orbium
754 3241 913 3319 recedere3
936 3252 968 3304 et
989 3242 1049 3304 nisi
1073 3241 1153 3306 adsit
1175 3243 1221 3307 vis
1233 3243 1346 3330 'aliqua
1360 3244 1491 3311 conatui

181 3355 230 3418 isti
254 3353 419 3430 contraria,
443 3350 505 3439 qui
524 3348 728 3417 cohibeantur
751 3360 783 3412 et
803 3349 836 3412 in
859 3348 986 3412 orbibus
1011 3349 1211 3428 retineantur,
1235 3373 1392 3440 quamque
1416 3352 1490 3418 idco

184 3460 398 3546 Centripetam
421 3457 556 3544 appello,
579 3457 710 3522 abibunt
731 3456 764 3521 in
787 3455 879 3519 rectia
901 3454 990 3520 lineis
1012 3454 1159 3521 uniformi
1173 3480 1247 3522 cum
1259 3470 1379 3527 motta
1405 3459 1486 3525 Pro-

176 3568 292 3652 jcctile,
315 3567 387 3631 sivi
403 3564 572 3632 Gravitatis
598 3563 824 3642 destitueremr,
848 3585 912 3628 non
935 3563 1150 3629 deflecteretur
1170 3565 1205 3629 in
1226 3578 1351 3647 terram,
1375 3567 1430 3633 scd
1450 3568 1486 3633 in

181 3674 262 3740 linei
286 3673 370 3738 recti
393 3672 492 3737 abiret
514 3673 548 3735 in
572 3671 681 3747 omlos3
703 3670 797 3757 idque
814 3668 960 3734 uniformi
986 3693 1057 3735 cum
1072 3685 1170 3752 motu,
1193 3673 1330 3739 simodo
1343 3676 1423 3740 saris
1437 3696 1489 3740 ro·

182 3781 320 3847 sistentia
332 3779 502 3844 tolleretur.
549 3776 609 3842 Per
632 3776 815 3865 gravitatem
836 3800 924 3843 suam
945 3777 1113 3843 retrahitur
1127 3802 1147 3844 a
1160 3802 1253 3846 cursu
1273 3782 1434 3847 rectilineo
1455 3794 1488 3848 et

183 3889 216 3954 in
230 3902 345 3954 terram
365 3883 518 3973 perpetub
539 3885 683 3964 flectitur,
706 3884 800 3972 idque
823 3886 922 3974 magis
945 3886 993 3950 vel
1017 3887 1119 3951 minus
1140 3910 1200 3971 pro
1220 3891 1371 3978 gravitate
1385 3892 1440 3957 sud
1455 3904 1488 3957 et

183 3996 345 4061 velocitate
359 4007 469 4058 motus.
514 3991 590 4068 Quo
603 3993 707 4057 minor
720 3992 814 4057 fuerit
836 3994 901 4079 ejus
921 3995 1056 4083 gravitas
1076 4016 1136 4079 pro
1150 3997 1321 4082 quantitate
1334 4000 1485 4078 materiae,

183 4102 232 4167 vel
246 4105 345 4190 major
365 4099 510 4166 velocitas
525 4097 660 4186 quicum
681 4100 852 4185 projicitur,
875 4123 915 4167 eo
934 4101 1037 4166 miuus
1057 4100 1193 4167 deviabit
1215 4127 1235 4168 a
1256 4127 1349 4170 cursu
1369 4107 1485 4173 rectili-

183 4393 818 4524 ”titmvtturaztmtaa
849 4408 922 4506 aa
936 4393 1486 4529 mmmmm

183 4537 228 4584 prs
245 4532 274 4570 at
290 4520 416 4583 potiiasrs
430 4530 455 4569 et
470 4522 588 4583 paurum
604 4521 642 4585 (ὃ)
654 4521 680 4568 in
697 4535 741 4568 suo
757 4536 817 4584 quo-
849 4522 993 4585 tquabiliter
1008 4537 1050 4583 por
1068 4522 1155 4569 lincam
1174 4535 1261 4572 rectam
1277 4527 1415 4583 movebitur,
1442 4544 1485 4578 soa

182 4583 816 4649 memmennisicamisiiquhsu
849 4586 980 4634 modurn
1005 4585 1158 4634 directionem
1184 4588 1231 4651 qui
1257 4589 1386 4651 impulmm
1412 4592 1487 4642 strevis

412 4841 419 4852 ·
848 4728 895 4842 “il
934 4777 1129 4827 secuntiae·
1149 4781 1239 4843 quevis
1254 4796 1326 4829 cum
1343 4784 1486 4834 mnsidsvmi

181 4840 817 4917 mmmmmatfmmmmpsr
929 4843 1476 4919 mnqumpoiygouumrindniticnumtco
